1CClientBankExchange
ВерсияФормата=1.01
Кодировка=Windows
Получатель=1C
ДатаНачала=01.06.2023
ДатаКонца=30.06.2023
РасчСчет=KZ79722S000001674774
СекцияРасчСчет
ДатаНачала=01.06.2023
ДатаКонца=30.06.2023
РасчСчет=KZ79722S000001674774
НачальныйОстаток=129464.83
ВсегоПоступило=2188673.42
ВсегоСписано=2007812.12
КонечныйОстаток=310326.13
КонецРасчСчет
СекцияДокумент=выписка
НомерДокумента=47437099
ДатаДокумента=30.06.2023
ВидДокумента=Платежное поручение
ПолучательНаименование=Яна Петровна О.
ПолучательБИН_ИИН=910308400020
ПолучательИИК=KZ22722C000024901213
ПолучательБанкБИК=
ПолучательКБЕ=1
ПлательщикНаименование=ОСИ  "ЖК "Юнис Сити"
ПлательщикБИН_ИИН=181140004063
ПлательщикИИК=KZ79722S000001674774
ПлательщикБанкБИК=CASPKZKA
ПлательщикКБЕ=18
СуммаРасход=4000.00
ДатаОперации=30.06.2023
НазначениеПлатежа=Прочие переводы денег на карту Kaspi Gold *3305
КодНазначенияПлатежа=119
КонецДокумента
СекцияДокумент=выписка
НомерДокумента=299
ДатаДокумента=30.06.2023
ВидДокумента=Платежное поручение
ПолучательНаименование=ОСИ Жилой комплекс Юнис Сити
ПолучательБИН_ИИН=181140004063
ПолучательИИК=KZ728562203118191239
ПолучательБанкБИК=KCJBKZKX
ПолучательКБЕ=1
ПлательщикНаименование=ОСИ  "ЖК "Юнис Сити"
ПлательщикБИН_ИИН=181140004063
ПлательщикИИК=KZ79722S000001674774
ПлательщикБанкБИК=CASPKZKA
ПлательщикКБЕ=18
СуммаРасход=15000.00
ДатаОперации=30.06.2023
НазначениеПлатежа=Перевод собственных средств на свой счет в другом Банке. Взысканные средства ЧСИ за накопления на капитальный ремонт 352 квартира.
КодНазначенияПлатежа=343
КонецДокумента
СекцияДокумент=выписка
НомерДокумента=7189
ДатаДокумента=30.06.2023
ВидДокумента=Платежное поручение
ПолучательНаименование=ОСИ  "ЖК "Юнис Сити"
ПолучательБИН_ИИН=181140004063
ПолучательИИК=KZ79722S000001674774
ПолучательБанкБИК=CASPKZKA
ПолучательКБЕ=18
ПлательщикНаименование=ЧСИ ТАСБОЛАТОВ ЕРЖАН ЕЛЖАНОВИЧ
ПлательщикБИН_ИИН=820811300397
ПлательщикИИК=KZ186017121000012901
ПлательщикБанкБИК=HSBKKZKX
ПлательщикКБЕ=
СуммаПриход=42531.32
ДатаОперации=30.06.2023
НазначениеПлатежа=Оплата по испол. док-ту №1330 от 11.04.2023г. о взыскании с ЕРМАГАМБЕТОВОЙ АЙГУЛЬ КАСЫМОВНЫ, ИИН 681020400543, в пользу Объединение собственников имущества "Жилой комплекс "Юнис Сити". НДС не облагает П рочие переводы по разделу 1, (филиал получ. No CASPKZKA)
КодНазначенияПлатежа=190
КонецДокумента
СекцияДокумент=выписка
НомерДокумента=46768622
ДатаДокумента=30.06.2023
ВидДокумента=Платежный ордер
ПолучательНаименование=ОСИ  "ЖК "Юнис Сити"
ПолучательБИН_ИИН=181140004063
ПолучательИИК=KZ79722S000001674774
ПолучательБанкБИК=CASPKZKA
ПолучательКБЕ=18
ПлательщикНаименование=АО "KASPI BANK"
ПлательщикБИН_ИИН=971240001315
ПлательщикИИК=KZ07722S000008480717
ПлательщикБанкБИК=
ПлательщикКБЕ=
СуммаПриход=4743.73
ДатаОперации=30.06.2023
НазначениеПлатежа=Согласно ведомости распределения '2359591' от 29/06/2023Взнос на содержание общего имущества
КодНазначенияПлатежа=856
КонецДокумента
СекцияДокумент=выписка
НомерДокумента=46768423
ДатаДокумента=30.06.2023
ВидДокумента=Платежный ордер
ПолучательНаименование=ОСИ  "ЖК "Юнис Сити"
ПолучательБИН_ИИН=181140004063
ПолучательИИК=KZ79722S000001674774
ПолучательБанкБИК=CASPKZKA
ПолучательКБЕ=18
ПлательщикНаименование=АО "KASPI BANK"
ПлательщикБИН_ИИН=971240001315
ПлательщикИИК=KZ07722S000008480717
ПлательщикБанкБИК=
ПлательщикКБЕ=
СуммаПриход=5578.23
ДатаОперации=30.06.2023
НазначениеПлатежа=Согласно ведомости распределения '2359591' от 29/06/2023Взнос на содержание общего имущества
КодНазначенияПлатежа=856
КонецДокумента
СекцияДокумент=выписка
НомерДокумента=45270737
ДатаДокумента=29.06.2023
ВидДокумента=Платежное поручение
ПолучательНаименование=Яна Петровна О.
ПолучательБИН_ИИН=910308400020
ПолучательИИК=KZ22722C000024901213
ПолучательБанкБИК=
ПолучательКБЕ=1
ПлательщикНаименование=ОСИ  "ЖК "Юнис Сити"
ПлательщикБИН_ИИН=181140004063
ПлательщикИИК=KZ79722S000001674774
ПлательщикБанкБИК=CASPKZKA
ПлательщикКБЕ=18
СуммаРасход=4600.00
ДатаОперации=29.06.2023
НазначениеПлатежа=Прочие переводы денег на карту Kaspi Gold *3305
КодНазначенияПлатежа=119
КонецДокумента
СекцияДокумент=выписка
НомерДокумента=92061951
ДатаДокумента=29.06.2023
ВидДокумента=Платежное поручение
ПолучательНаименование=ОСИ  "ЖК "Юнис Сити"
ПолучательБИН_ИИН=181140004063
ПолучательИИК=KZ79722S000001674774
ПолучательБанкБИК=CASPKZKA
ПолучательКБЕ=18
ПлательщикНаименование=Овчаренко Яна Петровна
ПлательщикБИН_ИИН=910308400020
ПлательщикИИК=KZ306010002015669874
ПлательщикБанкБИК=HSBKKZKX
ПлательщикКБЕ=
СуммаПриход=20970.00
ДатаОперации=29.06.2023
НазначениеПлатежа=СУБП: Homebank. Аренда Дуйсенова Ж. Референс: 9C206195115
Номер входящего документа <9C2061951> заменен на машинный <92061951> (филиал получ. No CASPKZKA)
КодНазначенияПлатежа=859
КонецДокумента
СекцияДокумент=выписка
НомерДокумента=45173836
ДатаДокумента=29.06.2023
ВидДокумента=Платежное поручение
ПолучательНаименование=Яна Петровна О.
ПолучательБИН_ИИН=910308400020
ПолучательИИК=KZ22722C000024901213
ПолучательБанкБИК=
ПолучательКБЕ=1
ПлательщикНаименование=ОСИ  "ЖК "Юнис Сити"
ПлательщикБИН_ИИН=181140004063
ПлательщикИИК=KZ79722S000001674774
ПлательщикБанкБИК=CASPKZKA
ПлательщикКБЕ=18
СуммаРасход=13490.00
ДатаОперации=29.06.2023
НазначениеПлатежа=Прочие переводы денег на карту Kaspi Gold *3305
КодНазначенияПлатежа=119
КонецДокумента
СекцияДокумент=выписка
НомерДокумента=142
ДатаДокумента=29.06.2023
ВидДокумента=Платежное поручение
ПолучательНаименование=ОСИ  "ЖК "Юнис Сити"
ПолучательБИН_ИИН=181140004063
ПолучательИИК=KZ79722S000001674774
ПолучательБанкБИК=CASPKZKA
ПолучательКБЕ=18
ПлательщикНаименование=ТОО "Актобе-Этажи"
ПлательщикБИН_ИИН=200940034870
ПлательщикИИК=KZ17998MTB0000561603
ПлательщикБанкБИК=TSESKZKA
ПлательщикКБЕ=
СуммаПриход=7000.00
ДатаОперации=29.06.2023
НазначениеПлатежа=Платежи за профессиональные, научные и технические услуги. (филиал получ. No CASPKZKA)
КодНазначенияПлатежа=859
КонецДокумента
СекцияДокумент=выписка
НомерДокумента=44897545
ДатаДокумента=29.06.2023
ВидДокумента=Платежное поручение
ПолучательНаименование=Асемгуль Уаликызы А.
ПолучательБИН_ИИН=950201450647
ПолучательИИК=KZ97722C000025810305
ПолучательБанкБИК=
ПолучательКБЕ=1
ПлательщикНаименование=ОСИ  "ЖК "Юнис Сити"
ПлательщикБИН_ИИН=181140004063
ПлательщикИИК=KZ79722S000001674774
ПлательщикБанкБИК=CASPKZKA
ПлательщикКБЕ=18
СуммаРасход=16500.00
ДатаОперации=29.06.2023
НазначениеПлатежа=Прочие переводы денег на карту Kaspi Gold *9248
КодНазначенияПлатежа=119
КонецДокумента
СекцияДокумент=выписка
НомерДокумента=44825276
ДатаДокумента=29.06.2023
ВидДокумента=Платежное поручение
ПолучательНаименование=Елубай Тастекович А.
ПолучательБИН_ИИН=580601301689
ПолучательИИК=KZ23722C000023271110
ПолучательБанкБИК=
ПолучательКБЕ=1
ПлательщикНаименование=ОСИ  "ЖК "Юнис Сити"
ПлательщикБИН_ИИН=181140004063
ПлательщикИИК=KZ79722S000001674774
ПлательщикБанкБИК=CASPKZKA
ПлательщикКБЕ=18
СуммаРасход=2000.00
ДатаОперации=29.06.2023
НазначениеПлатежа=Прочие переводы денег на карту Kaspi Gold *9578
КодНазначенияПлатежа=119
КонецДокумента
СекцияДокумент=выписка
НомерДокумента=44796864
ДатаДокумента=29.06.2023
ВидДокумента=Платежный ордер
ПолучательНаименование=ОСИ  "ЖК "Юнис Сити"
ПолучательБИН_ИИН=181140004063
ПолучательИИК=KZ79722S000001674774
ПолучательБанкБИК=CASPKZKA
ПолучательКБЕ=18
ПлательщикНаименование=АО "KASPI BANK"
ПлательщикБИН_ИИН=971240001315
ПлательщикИИК=KZ07722S000008480717
ПлательщикБанкБИК=
ПлательщикКБЕ=
СуммаПриход=14730.68
ДатаОперации=29.06.2023
НазначениеПлатежа=Согласно ведомости распределения '2359591' от 28/06/2023Взнос на содержание общего имущества
КодНазначенияПлатежа=856
КонецДокумента
СекцияДокумент=выписка
НомерДокумента=44796561
ДатаДокумента=29.06.2023
ВидДокумента=Платежный ордер
ПолучательНаименование=ОСИ  "ЖК "Юнис Сити"
ПолучательБИН_ИИН=181140004063
ПолучательИИК=KZ79722S000001674774
ПолучательБанкБИК=CASPKZKA
ПолучательКБЕ=18
ПлательщикНаименование=АО "KASPI BANK"
ПлательщикБИН_ИИН=971240001315
ПлательщикИИК=KZ07722S000008480717
ПлательщикБанкБИК=
ПлательщикКБЕ=
СуммаПриход=1387.82
ДатаОперации=29.06.2023
НазначениеПлатежа=Согласно ведомости распределения '2359591' от 28/06/2023Взнос на содержание общего имущества
КодНазначенияПлатежа=856
КонецДокумента
СекцияДокумент=выписка
НомерДокумента=43972753
ДатаДокумента=29.06.2023
ВидДокумента=Платежное поручение
ПолучательНаименование=Жаслан Алданышович Д.
ПолучательБИН_ИИН=860812303483
ПолучательИИК=KZ70722C000039860659
ПолучательБанкБИК=
ПолучательКБЕ=1
ПлательщикНаименование=ОСИ  "ЖК "Юнис Сити"
ПлательщикБИН_ИИН=181140004063
ПлательщикИИК=KZ79722S000001674774
ПлательщикБанкБИК=CASPKZKA
ПлательщикКБЕ=18
СуммаРасход=80000.00
ДатаОперации=29.06.2023
НазначениеПлатежа=Прочие переводы денег на карту Kaspi Gold *3671
КодНазначенияПлатежа=119
КонецДокумента
СекцияДокумент=выписка
НомерДокумента=43589190
ДатаДокумента=29.06.2023
ВидДокумента=Платежное поручение
ПолучательНаименование=Жаслан Алданышович Д.
ПолучательБИН_ИИН=860812303483
ПолучательИИК=KZ70722C000039860659
ПолучательБанкБИК=
ПолучательКБЕ=1
ПлательщикНаименование=ОСИ  "ЖК "Юнис Сити"
ПлательщикБИН_ИИН=181140004063
ПлательщикИИК=KZ79722S000001674774
ПлательщикБанкБИК=CASPKZKA
ПлательщикКБЕ=18
СуммаРасход=4450.00
ДатаОперации=29.06.2023
НазначениеПлатежа=Прочие переводы денег на карту Kaspi Gold *3671
КодНазначенияПлатежа=119
КонецДокумента
СекцияДокумент=выписка
НомерДокумента=43489294
ДатаДокумента=29.06.2023
ВидДокумента=Платежный ордер
ПолучательНаименование=ОСИ  "ЖК "Юнис Сити"
ПолучательБИН_ИИН=181140004063
ПолучательИИК=KZ79722S000001674774
ПолучательБанкБИК=CASPKZKA
ПолучательКБЕ=18
ПлательщикНаименование=АО "KASPI BANK"
ПлательщикБИН_ИИН=971240001315
ПлательщикИИК=KZ07722S000008480717
ПлательщикБанкБИК=
ПлательщикКБЕ=
СуммаПриход=2150.53
ДатаОперации=29.06.2023
НазначениеПлатежа=Согласно ведомости распределения '2359591' от 27/06/2023Взнос на содержание общего имущества
КодНазначенияПлатежа=856
КонецДокумента
СекцияДокумент=выписка
НомерДокумента=43489408
ДатаДокумента=29.06.2023
ВидДокумента=Платежный ордер
ПолучательНаименование=ОСИ  "ЖК "Юнис Сити"
ПолучательБИН_ИИН=181140004063
ПолучательИИК=KZ79722S000001674774
ПолучательБанкБИК=CASPKZKA
ПолучательКБЕ=18
ПлательщикНаименование=АО "KASPI BANK"
ПлательщикБИН_ИИН=971240001315
ПлательщикИИК=KZ07722S000008480717
ПлательщикБанкБИК=
ПлательщикКБЕ=
СуммаПриход=23473.37
ДатаОперации=29.06.2023
НазначениеПлатежа=Согласно ведомости распределения '2359591' от 27/06/2023Взнос на содержание общего имущества
КодНазначенияПлатежа=856
КонецДокумента
СекцияДокумент=выписка
НомерДокумента=41801450
ДатаДокумента=27.06.2023
ВидДокумента=Платежный ордер
ПолучательНаименование=ОСИ  "ЖК "Юнис Сити"
ПолучательБИН_ИИН=181140004063
ПолучательИИК=KZ79722S000001674774
ПолучательБанкБИК=CASPKZKA
ПолучательКБЕ=18
ПлательщикНаименование=АО "KASPI BANK"
ПлательщикБИН_ИИН=971240001315
ПлательщикИИК=KZ07722S000008480717
ПлательщикБанкБИК=
ПлательщикКБЕ=
СуммаПриход=10536.30
ДатаОперации=27.06.2023
НазначениеПлатежа=Согласно ведомости распределения '2359591' от 26/06/2023Взнос на содержание общего имущества
КодНазначенияПлатежа=856
КонецДокумента
СекцияДокумент=выписка
НомерДокумента=41798182
ДатаДокумента=27.06.2023
ВидДокумента=Платежный ордер
ПолучательНаименование=ОСИ  "ЖК "Юнис Сити"
ПолучательБИН_ИИН=181140004063
ПолучательИИК=KZ79722S000001674774
ПолучательБанкБИК=CASPKZKA
ПолучательКБЕ=18
ПлательщикНаименование=АО "KASPI BANK"
ПлательщикБИН_ИИН=971240001315
ПлательщикИИК=KZ07722S000008480717
ПлательщикБанкБИК=
ПлательщикКБЕ=
СуммаПриход=11561.21
ДатаОперации=27.06.2023
НазначениеПлатежа=Согласно ведомости распределения '2359591' от 26/06/2023Взнос на содержание общего имущества
КодНазначенияПлатежа=856
КонецДокумента
СекцияДокумент=выписка
НомерДокумента=40463504
ДатаДокумента=26.06.2023
ВидДокумента=Платежное поручение
ПолучательНаименование=Абдужамил Айтжанович А.
ПолучательБИН_ИИН=670517399048
ПолучательИИК=KZ17722C000069995245
ПолучательБанкБИК=
ПолучательКБЕ=1
ПлательщикНаименование=ОСИ  "ЖК "Юнис Сити"
ПлательщикБИН_ИИН=181140004063
ПлательщикИИК=KZ79722S000001674774
ПлательщикБанкБИК=CASPKZKA
ПлательщикКБЕ=18
СуммаРасход=15000.00
ДатаОперации=26.06.2023
НазначениеПлатежа=Прочие переводы денег на карту Kaspi Gold *4070
КодНазначенияПлатежа=119
КонецДокумента
СекцияДокумент=выписка
НомерДокумента=40114730
ДатаДокумента=26.06.2023
ВидДокумента=Платежный ордер
ПолучательНаименование=ОСИ  "ЖК "Юнис Сити"
ПолучательБИН_ИИН=181140004063
ПолучательИИК=KZ79722S000001674774
ПолучательБанкБИК=CASPKZKA
ПолучательКБЕ=18
ПлательщикНаименование=АО "KASPI BANK"
ПлательщикБИН_ИИН=971240001315
ПлательщикИИК=KZ07722S000008480717
ПлательщикБанкБИК=
ПлательщикКБЕ=
СуммаПриход=9690.84
ДатаОперации=26.06.2023
НазначениеПлатежа=Согласно ведомости распределения '2359591' от 25/06/2023Взнос на содержание общего имущества
КодНазначенияПлатежа=856
КонецДокумента
СекцияДокумент=выписка
НомерДокумента=40113941
ДатаДокумента=26.06.2023
ВидДокумента=Платежный ордер
ПолучательНаименование=ОСИ  "ЖК "Юнис Сити"
ПолучательБИН_ИИН=181140004063
ПолучательИИК=KZ79722S000001674774
ПолучательБанкБИК=CASPKZKA
ПолучательКБЕ=18
ПлательщикНаименование=АО "KASPI BANK"
ПлательщикБИН_ИИН=971240001315
ПлательщикИИК=KZ07722S000008480717
ПлательщикБанкБИК=
ПлательщикКБЕ=
СуммаПриход=6939.12
ДатаОперации=26.06.2023
НазначениеПлатежа=Согласно ведомости распределения '2359591' от 25/06/2023Взнос на содержание общего имущества
КодНазначенияПлатежа=856
КонецДокумента
СекцияДокумент=выписка
НомерДокумента=39072100
ДатаДокумента=26.06.2023
ВидДокумента=Платежное поручение
ПолучательНаименование=Арман Ахметұлы А.
ПолучательБИН_ИИН=880825351243
ПолучательИИК=KZ59722C000023196936
ПолучательБанкБИК=
ПолучательКБЕ=1
ПлательщикНаименование=ОСИ  "ЖК "Юнис Сити"
ПлательщикБИН_ИИН=181140004063
ПлательщикИИК=KZ79722S000001674774
ПлательщикБанкБИК=CASPKZKA
ПлательщикКБЕ=18
СуммаРасход=34050.00
ДатаОперации=26.06.2023
НазначениеПлатежа=Прочие переводы денег на карту Kaspi Gold *5043
КодНазначенияПлатежа=119
КонецДокумента
СекцияДокумент=выписка
НомерДокумента=38799392
ДатаДокумента=26.06.2023
ВидДокумента=Платежный ордер
ПолучательНаименование=ОСИ  "ЖК "Юнис Сити"
ПолучательБИН_ИИН=181140004063
ПолучательИИК=KZ79722S000001674774
ПолучательБанкБИК=CASPKZKA
ПолучательКБЕ=18
ПлательщикНаименование=АО "KASPI BANK"
ПлательщикБИН_ИИН=971240001315
ПлательщикИИК=KZ07722S000008480717
ПлательщикБанкБИК=
ПлательщикКБЕ=
СуммаПриход=5243.23
ДатаОперации=26.06.2023
НазначениеПлатежа=Согласно ведомости распределения '2359591' от 24/06/2023Взнос на содержание общего имущества
КодНазначенияПлатежа=856
КонецДокумента
СекцияДокумент=выписка
НомерДокумента=37637984
ДатаДокумента=26.06.2023
ВидДокумента=Платежное поручение
ПолучательНаименование=Арман Ахметұлы А.
ПолучательБИН_ИИН=880825351243
ПолучательИИК=KZ59722C000023196936
ПолучательБанкБИК=
ПолучательКБЕ=1
ПлательщикНаименование=ОСИ  "ЖК "Юнис Сити"
ПлательщикБИН_ИИН=181140004063
ПлательщикИИК=KZ79722S000001674774
ПлательщикБанкБИК=CASPKZKA
ПлательщикКБЕ=18
СуммаРасход=51206.00
ДатаОперации=26.06.2023
НазначениеПлатежа=Прочие переводы денег на карту Kaspi Gold *5043
КодНазначенияПлатежа=119
КонецДокумента
СекцияДокумент=выписка
НомерДокумента=37352621
ДатаДокумента=26.06.2023
ВидДокумента=Платежный ордер
ПолучательНаименование=ОСИ  "ЖК "Юнис Сити"
ПолучательБИН_ИИН=181140004063
ПолучательИИК=KZ79722S000001674774
ПолучательБанкБИК=CASPKZKA
ПолучательКБЕ=18
ПлательщикНаименование=АО "KASPI BANK"
ПлательщикБИН_ИИН=971240001315
ПлательщикИИК=KZ07722S000008480717
ПлательщикБанкБИК=
ПлательщикКБЕ=
СуммаПриход=19480.41
ДатаОперации=26.06.2023
НазначениеПлатежа=Согласно ведомости распределения '2359591' от 23/06/2023Взнос на содержание общего имущества
КодНазначенияПлатежа=856
КонецДокумента
СекцияДокумент=выписка
НомерДокумента=37343828
ДатаДокумента=26.06.2023
ВидДокумента=Платежный ордер
ПолучательНаименование=ОСИ  "ЖК "Юнис Сити"
ПолучательБИН_ИИН=181140004063
ПолучательИИК=KZ79722S000001674774
ПолучательБанкБИК=CASPKZKA
ПолучательКБЕ=18
ПлательщикНаименование=АО "KASPI BANK"
ПлательщикБИН_ИИН=971240001315
ПлательщикИИК=KZ07722S000008480717
ПлательщикБанкБИК=
ПлательщикКБЕ=
СуммаПриход=6146.51
ДатаОперации=26.06.2023
НазначениеПлатежа=Согласно ведомости распределения '2359591' от 23/06/2023Взнос на содержание общего имущества
КодНазначенияПлатежа=856
КонецДокумента
СекцияДокумент=выписка
НомерДокумента=36338182
ДатаДокумента=23.06.2023
ВидДокумента=Платежное поручение
ПолучательНаименование=Абдужамил Айтжанович А.
ПолучательБИН_ИИН=670517399048
ПолучательИИК=KZ17722C000069995245
ПолучательБанкБИК=
ПолучательКБЕ=1
ПлательщикНаименование=ОСИ  "ЖК "Юнис Сити"
ПлательщикБИН_ИИН=181140004063
ПлательщикИИК=KZ79722S000001674774
ПлательщикБанкБИК=CASPKZKA
ПлательщикКБЕ=18
СуммаРасход=10000.00
ДатаОперации=23.06.2023
НазначениеПлатежа=Прочие переводы денег на карту Kaspi Gold *4070
КодНазначенияПлатежа=119
КонецДокумента
СекцияДокумент=выписка
НомерДокумента=92056974
ДатаДокумента=23.06.2023
ВидДокумента=Платежное поручение
ПолучательНаименование=ОСИ  "ЖК "Юнис Сити"
ПолучательБИН_ИИН=181140004063
ПолучательИИК=KZ79722S000001674774
ПолучательБанкБИК=CASPKZKA
ПолучательКБЕ=18
ПлательщикНаименование=Хабашев Берик Темирханович
ПлательщикБИН_ИИН=880210301217
ПлательщикИИК=KZ076010002006943101
ПлательщикБанкБИК=HSBKKZKX
ПлательщикКБЕ=
СуммаПриход=69000.00
ДатаОперации=23.06.2023
НазначениеПлатежа=СУБП: Homebank. Аренда помещения за июнь 2023 г от Хабашева Б.Т.. Референс: 9C205697477
Номер входящего документа <9C2056974> заменен на машинный <92056974> (филиал получ. No CASPKZKA)
КодНазначенияПлатежа=859
КонецДокумента
СекцияДокумент=выписка
НомерДокумента=92056833
ДатаДокумента=23.06.2023
ВидДокумента=Платежное поручение
ПолучательНаименование=ОСИ  "ЖК "Юнис Сити"
ПолучательБИН_ИИН=181140004063
ПолучательИИК=KZ79722S000001674774
ПолучательБанкБИК=CASPKZKA
ПолучательКБЕ=18
ПлательщикНаименование=Овчаренко Яна Петровна
ПлательщикБИН_ИИН=910308400020
ПлательщикИИК=KZ306010002021355238
ПлательщикБанкБИК=HSBKKZKX
ПлательщикКБЕ=
СуммаПриход=14570.00
ДатаОперации=23.06.2023
НазначениеПлатежа=СУБП: Homebank. Аренда Амирова. Референс: 9C205683323
Номер входящего документа <9C2056833> заменен на машинный <92056833> (филиал получ. No CASPKZKA)
КодНазначенияПлатежа=859
КонецДокумента
СекцияДокумент=выписка
НомерДокумента=92056514
ДатаДокумента=23.06.2023
ВидДокумента=Платежное поручение
ПолучательНаименование=ОСИ  "ЖК "Юнис Сити"
ПолучательБИН_ИИН=181140004063
ПолучательИИК=KZ79722S000001674774
ПолучательБанкБИК=CASPKZKA
ПолучательКБЕ=18
ПлательщикНаименование=ЖАНДОСОВА МАНАРГУЛЬ ШОКИБАЕВНА
ПлательщикБИН_ИИН=911017401585
ПлательщикИИК=KZ406010002033491892
ПлательщикБанкБИК=HSBKKZKX
ПлательщикКБЕ=
СуммаПриход=39000.00
ДатаОперации=23.06.2023
НазначениеПлатежа=СУБП: Homebank. Бернияш А. Референс: 9C205651444
Номер входящего документа <9C2056514> заменен на машинный <92056514> (филиал получ. No CASPKZKA)
КодНазначенияПлатежа=859
КонецДокумента
СекцияДокумент=выписка
НомерДокумента=35594753
ДатаДокумента=23.06.2023
ВидДокумента=Платежный ордер
ПолучательНаименование=ОСИ  "ЖК "Юнис Сити"
ПолучательБИН_ИИН=181140004063
ПолучательИИК=KZ79722S000001674774
ПолучательБанкБИК=CASPKZKA
ПолучательКБЕ=18
ПлательщикНаименование=АО "KASPI BANK"
ПлательщикБИН_ИИН=971240001315
ПлательщикИИК=KZ07722S000008480717
ПлательщикБанкБИК=
ПлательщикКБЕ=
СуммаПриход=7488.47
ДатаОперации=23.06.2023
НазначениеПлатежа=Согласно ведомости распределения '2359591' от 22/06/2023Взнос на содержание общего имущества
КодНазначенияПлатежа=856
КонецДокумента
СекцияДокумент=выписка
НомерДокумента=35594346
ДатаДокумента=23.06.2023
ВидДокумента=Платежный ордер
ПолучательНаименование=ОСИ  "ЖК "Юнис Сити"
ПолучательБИН_ИИН=181140004063
ПолучательИИК=KZ79722S000001674774
ПолучательБанкБИК=CASPKZKA
ПолучательКБЕ=18
ПлательщикНаименование=АО "KASPI BANK"
ПлательщикБИН_ИИН=971240001315
ПлательщикИИК=KZ07722S000008480717
ПлательщикБанкБИК=
ПлательщикКБЕ=
СуммаПриход=17832.34
ДатаОперации=23.06.2023
НазначениеПлатежа=Согласно ведомости распределения '2359591' от 22/06/2023Взнос на содержание общего имущества
КодНазначенияПлатежа=856
КонецДокумента
СекцияДокумент=выписка
НомерДокумента=34453979
ДатаДокумента=22.06.2023
ВидДокумента=Платежное поручение
ПолучательНаименование=Қасымхан Қасенұлы Қ.
ПолучательБИН_ИИН=980318350761
ПолучательИИК=KZ05722C000023562434
ПолучательБанкБИК=
ПолучательКБЕ=1
ПлательщикНаименование=ОСИ  "ЖК "Юнис Сити"
ПлательщикБИН_ИИН=181140004063
ПлательщикИИК=KZ79722S000001674774
ПлательщикБанкБИК=CASPKZKA
ПлательщикКБЕ=18
СуммаРасход=5000.00
ДатаОперации=22.06.2023
НазначениеПлатежа=Прочие переводы денег на карту Kaspi Gold *1598
КодНазначенияПлатежа=119
КонецДокумента
СекцияДокумент=выписка
НомерДокумента=92056228
ДатаДокумента=22.06.2023
ВидДокумента=Платежное поручение
ПолучательНаименование=ОСИ  "ЖК "Юнис Сити"
ПолучательБИН_ИИН=181140004063
ПолучательИИК=KZ79722S000001674774
ПолучательБанкБИК=CASPKZKA
ПолучательКБЕ=18
ПлательщикНаименование=Жакупов Бахтияр Талгатович
ПлательщикБИН_ИИН=920820301098
ПлательщикИИК=KZ046010002003258901
ПлательщикБанкБИК=HSBKKZKX
ПлательщикКБЕ=
СуммаПриход=19250.00
ДатаОперации=22.06.2023
НазначениеПлатежа=СУБП: Homebank. ип отегенова аренда . Референс: 9C205622894
Номер входящего документа <9C2056228> заменен на машинный <92056228> (филиал получ. No CASPKZKA)
КодНазначенияПлатежа=859
КонецДокумента
СекцияДокумент=выписка
НомерДокумента=19
ДатаДокумента=22.06.2023
ВидДокумента=Платежное поручение
ПолучательНаименование=ОСИ  "ЖК "Юнис Сити"
ПолучательБИН_ИИН=181140004063
ПолучательИИК=KZ79722S000001674774
ПолучательБанкБИК=CASPKZKA
ПолучательКБЕ=18
ПлательщикНаименование=ИП "ХАДИЯ"
ПлательщикБИН_ИИН=571122401602
ПлательщикИИК=KZ51722S000010440877
ПлательщикБанкБИК=
ПлательщикКБЕ=
СуммаПриход=4000.00
ДатаОперации=22.06.2023
НазначениеПлатежа=За товары.
КодНазначенияПлатежа=710
КонецДокумента
СекцияДокумент=выписка
НомерДокумента=33880067
ДатаДокумента=22.06.2023
ВидДокумента=Платежный ордер
ПолучательНаименование=ОСИ  "ЖК "Юнис Сити"
ПолучательБИН_ИИН=181140004063
ПолучательИИК=KZ79722S000001674774
ПолучательБанкБИК=CASPKZKA
ПолучательКБЕ=18
ПлательщикНаименование=АО "KASPI BANK"
ПлательщикБИН_ИИН=971240001315
ПлательщикИИК=KZ07722S000008480717
ПлательщикБанкБИК=
ПлательщикКБЕ=
СуммаПриход=21751.55
ДатаОперации=22.06.2023
НазначениеПлатежа=Согласно ведомости распределения '2359591' от 21/06/2023Взнос на содержание общего имущества
КодНазначенияПлатежа=856
КонецДокумента
СекцияДокумент=выписка
НомерДокумента=33880023
ДатаДокумента=22.06.2023
ВидДокумента=Платежный ордер
ПолучательНаименование=ОСИ  "ЖК "Юнис Сити"
ПолучательБИН_ИИН=181140004063
ПолучательИИК=KZ79722S000001674774
ПолучательБанкБИК=CASPKZKA
ПолучательКБЕ=18
ПлательщикНаименование=АО "KASPI BANK"
ПлательщикБИН_ИИН=971240001315
ПлательщикИИК=KZ07722S000008480717
ПлательщикБанкБИК=
ПлательщикКБЕ=
СуммаПриход=7712.79
ДатаОперации=22.06.2023
НазначениеПлатежа=Согласно ведомости распределения '2359591' от 21/06/2023Взнос на содержание общего имущества
КодНазначенияПлатежа=856
КонецДокумента
СекцияДокумент=выписка
НомерДокумента=10
ДатаДокумента=21.06.2023
ВидДокумента=Платежное поручение
ПолучательНаименование=ОСИ  "ЖК "Юнис Сити"
ПолучательБИН_ИИН=181140004063
ПолучательИИК=KZ79722S000001674774
ПолучательБанкБИК=CASPKZKA
ПолучательКБЕ=18
ПлательщикНаименование=ИП БЕКБАУОВА
ПлательщикБИН_ИИН=870710402667
ПлательщикИИК=KZ75722S000015434005
ПлательщикБанкБИК=
ПлательщикКБЕ=
СуммаПриход=14000.00
ДатаОперации=21.06.2023
НазначениеПлатежа=За профессиональные, научные и технические услуги. За июнь.
КодНазначенияПлатежа=859
КонецДокумента
СекцияДокумент=выписка
НомерДокумента=32166928
ДатаДокумента=21.06.2023
ВидДокумента=Платежный ордер
ПолучательНаименование=ОСИ  "ЖК "Юнис Сити"
ПолучательБИН_ИИН=181140004063
ПолучательИИК=KZ79722S000001674774
ПолучательБанкБИК=CASPKZKA
ПолучательКБЕ=18
ПлательщикНаименование=АО "KASPI BANK"
ПлательщикБИН_ИИН=971240001315
ПлательщикИИК=KZ07722S000008480717
ПлательщикБанкБИК=
ПлательщикКБЕ=
СуммаПриход=2054.82
ДатаОперации=21.06.2023
НазначениеПлатежа=Согласно ведомости распределения '2359591' от 20/06/2023Взнос на содержание общего имущества
КодНазначенияПлатежа=856
КонецДокумента
СекцияДокумент=выписка
НомерДокумента=32166733
ДатаДокумента=21.06.2023
ВидДокумента=Платежный ордер
ПолучательНаименование=ОСИ  "ЖК "Юнис Сити"
ПолучательБИН_ИИН=181140004063
ПолучательИИК=KZ79722S000001674774
ПолучательБанкБИК=CASPKZKA
ПолучательКБЕ=18
ПлательщикНаименование=АО "KASPI BANK"
ПлательщикБИН_ИИН=971240001315
ПлательщикИИК=KZ07722S000008480717
ПлательщикБанкБИК=
ПлательщикКБЕ=
СуммаПриход=22115.47
ДатаОперации=21.06.2023
НазначениеПлатежа=Согласно ведомости распределения '2359591' от 20/06/2023Взнос на содержание общего имущества
КодНазначенияПлатежа=856
КонецДокумента
СекцияДокумент=выписка
НомерДокумента=30852379
ДатаДокумента=20.06.2023
ВидДокумента=Платежное поручение
ПолучательНаименование=Алмагуль Байнашовна И.
ПолучательБИН_ИИН=681012401409
ПолучательИИК=KZ58722C000037972382
ПолучательБанкБИК=
ПолучательКБЕ=1
ПлательщикНаименование=ОСИ  "ЖК "Юнис Сити"
ПлательщикБИН_ИИН=181140004063
ПлательщикИИК=KZ79722S000001674774
ПлательщикБанкБИК=CASPKZKA
ПлательщикКБЕ=18
СуммаРасход=17970.00
ДатаОперации=20.06.2023
НазначениеПлатежа=Прочие переводы денег на карту Kaspi Gold *2928
КодНазначенияПлатежа=119
КонецДокумента
СекцияДокумент=выписка
НомерДокумента=30472803
ДатаДокумента=20.06.2023
ВидДокумента=Платежный ордер
ПолучательНаименование=ОСИ  "ЖК "Юнис Сити"
ПолучательБИН_ИИН=181140004063
ПолучательИИК=KZ79722S000001674774
ПолучательБанкБИК=CASPKZKA
ПолучательКБЕ=18
ПлательщикНаименование=АО "KASPI BANK"
ПлательщикБИН_ИИН=971240001315
ПлательщикИИК=KZ07722S000008480717
ПлательщикБанкБИК=
ПлательщикКБЕ=
СуммаПриход=9224.24
ДатаОперации=20.06.2023
НазначениеПлатежа=Согласно ведомости распределения '2359591' от 19/06/2023Взнос на содержание общего имущества
КодНазначенияПлатежа=856
КонецДокумента
СекцияДокумент=выписка
НомерДокумента=30472502
ДатаДокумента=20.06.2023
ВидДокумента=Платежный ордер
ПолучательНаименование=ОСИ  "ЖК "Юнис Сити"
ПолучательБИН_ИИН=181140004063
ПолучательИИК=KZ79722S000001674774
ПолучательБанкБИК=CASPKZKA
ПолучательКБЕ=18
ПлательщикНаименование=АО "KASPI BANK"
ПлательщикБИН_ИИН=971240001315
ПлательщикИИК=KZ07722S000008480717
ПлательщикБанкБИК=
ПлательщикКБЕ=
СуммаПриход=23417.56
ДатаОперации=20.06.2023
НазначениеПлатежа=Согласно ведомости распределения '2359591' от 19/06/2023Взнос на содержание общего имущества
КодНазначенияПлатежа=856
КонецДокумента
СекцияДокумент=выписка
НомерДокумента=92052462
ДатаДокумента=19.06.2023
ВидДокумента=Платежное поручение
ПолучательНаименование=ОСИ  "ЖК "Юнис Сити"
ПолучательБИН_ИИН=181140004063
ПолучательИИК=KZ79722S000001674774
ПолучательБанкБИК=CASPKZKA
ПолучательКБЕ=18
ПлательщикНаименование=Курманова Мейрамгул Жаналиевна
ПлательщикБИН_ИИН=821108400443
ПлательщикИИК=KZ146010002033549784
ПлательщикБанкБИК=HSBKKZKX
ПлательщикКБЕ=
СуммаПриход=19700.00
ДатаОперации=19.06.2023
НазначениеПлатежа=СУБП: Homebank. Курманова Мейрамгуль иин821108400443 п.п10а. Референс: 9C205246274
Номер входящего документа <9C2052462> заменен на машинный <92052462> (филиал получ. No CASPKZKA)
КодНазначенияПлатежа=859
КонецДокумента
СекцияДокумент=выписка
НомерДокумента=92052019
ДатаДокумента=19.06.2023
ВидДокумента=Платежное поручение
ПолучательНаименование=ОСИ  "ЖК "Юнис Сити"
ПолучательБИН_ИИН=181140004063
ПолучательИИК=KZ79722S000001674774
ПолучательБанкБИК=CASPKZKA
ПолучательКБЕ=18
ПлательщикНаименование=ЕЛДЕСПАЕВА ГҮЛДЕН АМАНҒАЛИҚЫЗЫ
ПлательщикБИН_ИИН=920612401717
ПлательщикИИК=KZ356010002032436234
ПлательщикБанкБИК=HSBKKZKX
ПлательщикКБЕ=
СуммаПриход=23000.00
ДатаОперации=19.06.2023
НазначениеПлатежа=СУБП: Homebank. ИП Елдеспаева за июнь . Референс: 9C205201912
Номер входящего документа <9C2052019> заменен на машинный <92052019> (филиал получ. No CASPKZKA)
КодНазначенияПлатежа=859
КонецДокумента
СекцияДокумент=выписка
НомерДокумента=297
ДатаДокумента=19.06.2023
ВидДокумента=Платежное поручение
ПолучательНаименование=РГУ "УГД по городу Актобе ДГД по Актюбинской области КГД МФ 
ПолучательБИН_ИИН=940740000595
ПолучательИИК=KZ24070105KSN0000000
ПолучательБанкБИК=KKMFKZ2A
ПолучательКБЕ=1
ПлательщикНаименование=ОСИ  "ЖК "Юнис Сити"
ПлательщикБИН_ИИН=181140004063
ПлательщикИИК=KZ79722S000001674774
ПлательщикБанкБИК=CASPKZKA
ПлательщикКБЕ=18
СуммаРасход=19735.00
ДатаОперации=19.06.2023
НазначениеПлатежа=Социальный налог. за май 2023
КодНазначенияПлатежа=911
КонецДокумента
СекцияДокумент=выписка
НомерДокумента=294
ДатаДокумента=19.06.2023
ВидДокумента=Платежное поручение
ПолучательНаименование=РГУ "УГД по городу Актобе ДГД по Актюбинской области КГД МФ 
ПолучательБИН_ИИН=940740000595
ПолучательИИК=KZ24070105KSN0000000
ПолучательБанкБИК=KKMFKZ2A
ПолучательКБЕ=1
ПлательщикНаименование=ОСИ  "ЖК "Юнис Сити"
ПлательщикБИН_ИИН=181140004063
ПлательщикИИК=KZ79722S000001674774
ПлательщикБанкБИК=CASPKZKA
ПлательщикКБЕ=18
СуммаРасход=106300.00
ДатаОперации=19.06.2023
НазначениеПлатежа=ИПН с доходов, облагаемых у источника выплаты. за май 2023
КодНазначенияПлатежа=911
КонецДокумента
СекцияДокумент=выписка
НомерДокумента=298
ДатаДокумента=19.06.2023
ВидДокумента=Платежное поручение со списком
ПолучательНаименование=НАО "Государственная корпорация «Правительство для граждан"
ПолучательБИН_ИИН=160440007161
ПолучательИИК=KZ67009SS00368609110
ПолучательБанкБИК=GCVPKZ2A
ПолучательКБЕ=1
ПлательщикНаименование=ОСИ  "ЖК "Юнис Сити"
ПлательщикБИН_ИИН=181140004063
ПлательщикИИК=KZ79722S000001674774
ПлательщикБанкБИК=CASPKZKA
ПлательщикКБЕ=18
СуммаРасход=11740.00
ДатаОперации=19.06.2023
НазначениеПлатежа=Социальные отчисления за май 2023г.
КодНазначенияПлатежа=012
КонецДокумента
СекцияДокумент=выписка
НомерДокумента=296
ДатаДокумента=19.06.2023
ВидДокумента=Платежное поручение со списком
ПолучательНаименование=НАО "Государственная корпорация «Правительство для граждан"
ПолучательБИН_ИИН=160440007161
ПолучательИИК=KZ92009MEDS368609103
ПолучательБанкБИК=GCVPKZ2A
ПолучательКБЕ=1
ПлательщикНаименование=ОСИ  "ЖК "Юнис Сити"
ПлательщикБИН_ИИН=181140004063
ПлательщикИИК=KZ79722S000001674774
ПлательщикБанкБИК=CASPKZKA
ПлательщикКБЕ=18
СуммаРасход=11181.00
ДатаОперации=19.06.2023
НазначениеПлатежа=Отчисления на обязательное социальное медицинское страхование за май 2023г.
КодНазначенияПлатежа=121
КонецДокумента
СекцияДокумент=выписка
НомерДокумента=295
ДатаДокумента=19.06.2023
ВидДокумента=Платежное поручение со списком
ПолучательНаименование=НАО "Государственная корпорация «Правительство для граждан"
ПолучательБИН_ИИН=160440007161
ПолучательИИК=KZ92009MEDS368609103
ПолучательБанкБИК=GCVPKZ2A
ПолучательКБЕ=1
ПлательщикНаименование=ОСИ  "ЖК "Юнис Сити"
ПлательщикБИН_ИИН=181140004063
ПлательщикИИК=KZ79722S000001674774
ПлательщикБанкБИК=CASPKZKA
ПлательщикКБЕ=18
СуммаРасход=20207.00
ДатаОперации=19.06.2023
НазначениеПлатежа=Взносы на обязательное социальное медицинское страхование за май 2023г.
КодНазначенияПлатежа=122
КонецДокумента
СекцияДокумент=выписка
НомерДокумента=287
ДатаДокумента=19.06.2023
ВидДокумента=Платежное поручение
ПолучательНаименование=ТОО "Petroleum Energy Company"
ПолучательБИН_ИИН=140440033583
ПолучательИИК=KZ7696515F0007468478
ПолучательБанкБИК=IRTYKZKA
ПолучательКБЕ=1
ПлательщикНаименование=ОСИ  "ЖК "Юнис Сити"
ПлательщикБИН_ИИН=181140004063
ПлательщикИИК=KZ79722S000001674774
ПлательщикБанкБИК=CASPKZKA
ПлательщикКБЕ=18
СуммаРасход=49295.00
ДатаОперации=19.06.2023
НазначениеПлатежа=За товары. За электротовары.
КодНазначенияПлатежа=710
КонецДокумента
СекцияДокумент=выписка
НомерДокумента=293
ДатаДокумента=19.06.2023
ВидДокумента=Платежное поручение со списком
ПолучательНаименование=НАО "Государственная корпорация «Правительство для граждан"
ПолучательБИН_ИИН=160440007161
ПолучательИИК=KZ12009NPS0413609816
ПолучательБанкБИК=GCVPKZ2A
ПолучательКБЕ=1
ПлательщикНаименование=ОСИ  "ЖК "Юнис Сити"
ПлательщикБИН_ИИН=181140004063
ПлательщикИИК=KZ79722S000001674774
ПлательщикБанкБИК=CASPKZKA
ПлательщикКБЕ=18
СуммаРасход=113378.00
ДатаОперации=19.06.2023
НазначениеПлатежа=Обязательные пенсионные взносы за май 2023г.
КодНазначенияПлатежа=010
КонецДокумента
СекцияДокумент=выписка
НомерДокумента=286
ДатаДокумента=19.06.2023
ВидДокумента=Платежное поручение
ПолучательНаименование=ИП Наш Сантехник
ПолучательБИН_ИИН=870131301130
ПолучательИИК=KZ306017121000008126
ПолучательБанкБИК=HSBKKZKX
ПолучательКБЕ=1
ПлательщикНаименование=ОСИ  "ЖК "Юнис Сити"
ПлательщикБИН_ИИН=181140004063
ПлательщикИИК=KZ79722S000001674774
ПлательщикБанкБИК=CASPKZKA
ПлательщикКБЕ=18
СуммаРасход=11848.00
ДатаОперации=19.06.2023
НазначениеПлатежа=За товары. За сантехнические товары.
КодНазначенияПлатежа=710
КонецДокумента
СекцияДокумент=выписка
НомерДокумента=4
ДатаДокумента=19.06.2023
ВидДокумента=Платежное поручение
ПолучательНаименование=ОСИ  "ЖК "Юнис Сити"
ПолучательБИН_ИИН=181140004063
ПолучательИИК=KZ79722S000001674774
ПолучательБанкБИК=CASPKZKA
ПолучательКБЕ=18
ПлательщикНаименование=ИП "АЙДАНА"
ПлательщикБИН_ИИН=930103401414
ПлательщикИИК=KZ27722S000022830246
ПлательщикБанкБИК=
ПлательщикКБЕ=
СуммаПриход=25000.00
ДатаОперации=19.06.2023
НазначениеПлатежа=За профессиональные, научные и технические услуги. Аренда киоск Береке.
КодНазначенияПлатежа=859
КонецДокумента
СекцияДокумент=выписка
НомерДокумента=28842022
ДатаДокумента=19.06.2023
ВидДокумента=Платежный ордер
ПолучательНаименование=ОСИ  "ЖК "Юнис Сити"
ПолучательБИН_ИИН=181140004063
ПолучательИИК=KZ79722S000001674774
ПолучательБанкБИК=CASPKZKA
ПолучательКБЕ=18
ПлательщикНаименование=АО "KASPI BANK"
ПлательщикБИН_ИИН=971240001315
ПлательщикИИК=KZ07722S000008480717
ПлательщикБанкБИК=
ПлательщикКБЕ=
СуммаПриход=3379.83
ДатаОперации=19.06.2023
НазначениеПлатежа=Согласно ведомости распределения '2359591' от 18/06/2023Взнос на содержание общего имущества
КодНазначенияПлатежа=856
КонецДокумента
СекцияДокумент=выписка
НомерДокумента=28841846
ДатаДокумента=19.06.2023
ВидДокумента=Платежный ордер
ПолучательНаименование=ОСИ  "ЖК "Юнис Сити"
ПолучательБИН_ИИН=181140004063
ПолучательИИК=KZ79722S000001674774
ПолучательБанкБИК=CASPKZKA
ПолучательКБЕ=18
ПлательщикНаименование=АО "KASPI BANK"
ПлательщикБИН_ИИН=971240001315
ПлательщикИИК=KZ07722S000008480717
ПлательщикБанкБИК=
ПлательщикКБЕ=
СуммаПриход=4121.60
ДатаОперации=19.06.2023
НазначениеПлатежа=Согласно ведомости распределения '2359591' от 18/06/2023Взнос на содержание общего имущества
КодНазначенияПлатежа=856
КонецДокумента
СекцияДокумент=выписка
НомерДокумента=27552599
ДатаДокумента=19.06.2023
ВидДокумента=Платежный ордер
ПолучательНаименование=ОСИ  "ЖК "Юнис Сити"
ПолучательБИН_ИИН=181140004063
ПолучательИИК=KZ79722S000001674774
ПолучательБанкБИК=CASPKZKA
ПолучательКБЕ=18
ПлательщикНаименование=АО "KASPI BANK"
ПлательщикБИН_ИИН=971240001315
ПлательщикИИК=KZ07722S000008480717
ПлательщикБанкБИК=
ПлательщикКБЕ=
СуммаПриход=7342.90
ДатаОперации=19.06.2023
НазначениеПлатежа=Согласно ведомости распределения '2359591' от 17/06/2023Взнос на содержание общего имущества
КодНазначенияПлатежа=856
КонецДокумента
СекцияДокумент=выписка
НомерДокумента=27552308
ДатаДокумента=19.06.2023
ВидДокумента=Платежный ордер
ПолучательНаименование=ОСИ  "ЖК "Юнис Сити"
ПолучательБИН_ИИН=181140004063
ПолучательИИК=KZ79722S000001674774
ПолучательБанкБИК=CASPKZKA
ПолучательКБЕ=18
ПлательщикНаименование=АО "KASPI BANK"
ПлательщикБИН_ИИН=971240001315
ПлательщикИИК=KZ07722S000008480717
ПлательщикБанкБИК=
ПлательщикКБЕ=
СуммаПриход=7492.46
ДатаОперации=19.06.2023
НазначениеПлатежа=Согласно ведомости распределения '2359591' от 17/06/2023Взнос на содержание общего имущества
КодНазначенияПлатежа=856
КонецДокумента
СекцияДокумент=выписка
НомерДокумента=26399374
ДатаДокумента=19.06.2023
ВидДокумента=Платежное поручение
ПолучательНаименование=Бактияр Турганбаевич А.
ПолучательБИН_ИИН=900321351395
ПолучательИИК=KZ09722C000016533160
ПолучательБанкБИК=
ПолучательКБЕ=1
ПлательщикНаименование=ОСИ  "ЖК "Юнис Сити"
ПлательщикБИН_ИИН=181140004063
ПлательщикИИК=KZ79722S000001674774
ПлательщикБанкБИК=CASPKZKA
ПлательщикКБЕ=18
СуммаРасход=25000.00
ДатаОперации=19.06.2023
НазначениеПлатежа=Прочие безвозмездные переводы денег на карту Kaspi Gold *8488
КодНазначенияПлатежа=119
КонецДокумента
СекцияДокумент=выписка
НомерДокумента=26107740
ДатаДокумента=19.06.2023
ВидДокумента=Платежный ордер
ПолучательНаименование=ОСИ  "ЖК "Юнис Сити"
ПолучательБИН_ИИН=181140004063
ПолучательИИК=KZ79722S000001674774
ПолучательБанкБИК=CASPKZKA
ПолучательКБЕ=18
ПлательщикНаименование=АО "KASPI BANK"
ПлательщикБИН_ИИН=971240001315
ПлательщикИИК=KZ07722S000008480717
ПлательщикБанкБИК=
ПлательщикКБЕ=
СуммаПриход=4636.04
ДатаОперации=19.06.2023
НазначениеПлатежа=Согласно ведомости распределения '2359591' от 16/06/2023Взнос на содержание общего имущества
КодНазначенияПлатежа=856
КонецДокумента
СекцияДокумент=выписка
НомерДокумента=26107544
ДатаДокумента=19.06.2023
ВидДокумента=Платежный ордер
ПолучательНаименование=ОСИ  "ЖК "Юнис Сити"
ПолучательБИН_ИИН=181140004063
ПолучательИИК=KZ79722S000001674774
ПолучательБанкБИК=CASPKZKA
ПолучательКБЕ=18
ПлательщикНаименование=АО "KASPI BANK"
ПлательщикБИН_ИИН=971240001315
ПлательщикИИК=KZ07722S000008480717
ПлательщикБанкБИК=
ПлательщикКБЕ=
СуммаПриход=58445.33
ДатаОперации=19.06.2023
НазначениеПлатежа=Согласно ведомости распределения '2359591' от 16/06/2023Взнос на содержание общего имущества
КодНазначенияПлатежа=856
КонецДокумента
СекцияДокумент=выписка
НомерДокумента=843
ДатаДокумента=16.06.2023
ВидДокумента=Платежное поручение
ПолучательНаименование=ОСИ  "ЖК "Юнис Сити"
ПолучательБИН_ИИН=181140004063
ПолучательИИК=KZ79722S000001674774
ПолучательБанкБИК=CASPKZKA
ПолучательКБЕ=18
ПлательщикНаименование=АО Samruk-Kazyna Construction
ПлательщикБИН_ИИН=090340012961
ПлательщикИИК=KZ276010111000149908
ПлательщикБанкБИК=HSBKKZKX
ПлательщикКБЕ=
СуммаПриход=996.00
ДатаОперации=16.06.2023
НазначениеПлатежа=Оплата услуг по управлению общим имуществом за май 2023г., согл. СЗ №-05-2-4-3496 от 14.06.2023г., ЭСФ №26236041от 05.06.2023г.Сумма  996-00 тенге без НДС Платежи за профессиональные, научные и техническ ие услуги, (филиал получ. No CASPKZKA)
КодНазначенияПлатежа=859
КонецДокумента
СекцияДокумент=выписка
НомерДокумента=92050668
ДатаДокумента=16.06.2023
ВидДокумента=Платежное поручение
ПолучательНаименование=ОСИ  "ЖК "Юнис Сити"
ПолучательБИН_ИИН=181140004063
ПолучательИИК=KZ79722S000001674774
ПолучательБанкБИК=CASPKZKA
ПолучательКБЕ=18
ПлательщикНаименование=АЙЖАНОВА БОТАКОЗ БЕКБОЛАТОВНА
ПлательщикБИН_ИИН=880705400813
ПлательщикИИК=KZ876010012001160024
ПлательщикБанкБИК=HSBKKZKX
ПлательщикКБЕ=
СуммаПриход=20570.00
ДатаОперации=16.06.2023
НазначениеПлатежа=СУБП: Homebank. магазин Айлин. Референс: 9C205066825
Номер входящего документа <9C2050668> заменен на машинный <92050668> (филиал получ. No CASPKZKA)
КодНазначенияПлатежа=859
КонецДокумента
СекцияДокумент=выписка
НомерДокумента=24395985
ДатаДокумента=16.06.2023
ВидДокумента=Платежный ордер
ПолучательНаименование=ОСИ  "ЖК "Юнис Сити"
ПолучательБИН_ИИН=181140004063
ПолучательИИК=KZ79722S000001674774
ПолучательБанкБИК=CASPKZKA
ПолучательКБЕ=18
ПлательщикНаименование=АО "KASPI BANK"
ПлательщикБИН_ИИН=971240001315
ПлательщикИИК=KZ07722S000008480717
ПлательщикБанкБИК=
ПлательщикКБЕ=
СуммаПриход=43935.81
ДатаОперации=16.06.2023
НазначениеПлатежа=Согласно ведомости распределения '2359591' от 15/06/2023Взнос на содержание общего имущества
КодНазначенияПлатежа=856
КонецДокумента
СекцияДокумент=выписка
НомерДокумента=24395583
ДатаДокумента=16.06.2023
ВидДокумента=Платежный ордер
ПолучательНаименование=ОСИ  "ЖК "Юнис Сити"
ПолучательБИН_ИИН=181140004063
ПолучательИИК=KZ79722S000001674774
ПолучательБанкБИК=CASPKZKA
ПолучательКБЕ=18
ПлательщикНаименование=АО "KASPI BANK"
ПлательщикБИН_ИИН=971240001315
ПлательщикИИК=KZ07722S000008480717
ПлательщикБанкБИК=
ПлательщикКБЕ=
СуммаПриход=19782.47
ДатаОперации=16.06.2023
НазначениеПлатежа=Согласно ведомости распределения '2359591' от 15/06/2023Взнос на содержание общего имущества
КодНазначенияПлатежа=856
КонецДокумента
СекцияДокумент=выписка
НомерДокумента=81
ДатаДокумента=15.06.2023
ВидДокумента=Платежное поручение
ПолучательНаименование=ОСИ  "ЖК "Юнис Сити"
ПолучательБИН_ИИН=181140004063
ПолучательИИК=KZ79722S000001674774
ПолучательБанкБИК=CASPKZKA
ПолучательКБЕ=18
ПлательщикНаименование=ИП НАШ САНТЕХНИК
ПлательщикБИН_ИИН=870131301130
ПлательщикИИК=KZ86722S000014878288
ПлательщикБанкБИК=
ПлательщикКБЕ=
СуммаПриход=110880.00
ДатаОперации=15.06.2023
НазначениеПлатежа=За аренду/лизинг. ИП Наш сантехник.
КодНазначенияПлатежа=855
КонецДокумента
СекцияДокумент=выписка
НомерДокумента=22655074
ДатаДокумента=15.06.2023
ВидДокумента=Платежный ордер
ПолучательНаименование=ОСИ  "ЖК "Юнис Сити"
ПолучательБИН_ИИН=181140004063
ПолучательИИК=KZ79722S000001674774
ПолучательБанкБИК=CASPKZKA
ПолучательКБЕ=18
ПлательщикНаименование=АО "KASPI BANK"
ПлательщикБИН_ИИН=971240001315
ПлательщикИИК=KZ07722S000008480717
ПлательщикБанкБИК=
ПлательщикКБЕ=
СуммаПриход=9439.60
ДатаОперации=15.06.2023
НазначениеПлатежа=Согласно ведомости распределения '2359591' от 14/06/2023Взнос на содержание общего имущества
КодНазначенияПлатежа=856
КонецДокумента
СекцияДокумент=выписка
НомерДокумента=22655065
ДатаДокумента=15.06.2023
ВидДокумента=Платежный ордер
ПолучательНаименование=ОСИ  "ЖК "Юнис Сити"
ПолучательБИН_ИИН=181140004063
ПолучательИИК=KZ79722S000001674774
ПолучательБанкБИК=CASPKZKA
ПолучательКБЕ=18
ПлательщикНаименование=АО "KASPI BANK"
ПлательщикБИН_ИИН=971240001315
ПлательщикИИК=KZ07722S000008480717
ПлательщикБанкБИК=
ПлательщикКБЕ=
СуммаПриход=25680.71
ДатаОперации=15.06.2023
НазначениеПлатежа=Согласно ведомости распределения '2359591' от 14/06/2023Взнос на содержание общего имущества
КодНазначенияПлатежа=856
КонецДокумента
СекцияДокумент=выписка
НомерДокумента=21389599
ДатаДокумента=14.06.2023
ВидДокумента=Платежное поручение
ПолучательНаименование=Абдужамил Айтжанович А.
ПолучательБИН_ИИН=670517399048
ПолучательИИК=KZ17722C000069995245
ПолучательБанкБИК=
ПолучательКБЕ=1
ПлательщикНаименование=ОСИ  "ЖК "Юнис Сити"
ПлательщикБИН_ИИН=181140004063
ПлательщикИИК=KZ79722S000001674774
ПлательщикБанкБИК=CASPKZKA
ПлательщикКБЕ=18
СуммаРасход=2000.00
ДатаОперации=14.06.2023
НазначениеПлатежа=Прочие безвозмездные переводы денег на карту Kaspi Gold *4070
КодНазначенияПлатежа=119
КонецДокумента
СекцияДокумент=выписка
НомерДокумента=6
ДатаДокумента=14.06.2023
ВидДокумента=Платежное поручение
ПолучательНаименование=ОСИ  "ЖК "Юнис Сити"
ПолучательБИН_ИИН=181140004063
ПолучательИИК=KZ79722S000001674774
ПолучательБанкБИК=CASPKZKA
ПолучательКБЕ=18
ПлательщикНаименование=ИП БИСЕНГАЛИЕВА
ПлательщикБИН_ИИН=790216401081
ПлательщикИИК=KZ86722S000015977104
ПлательщикБанкБИК=
ПлательщикКБЕ=
СуммаПриход=22170.00
ДатаОперации=14.06.2023
НазначениеПлатежа=За аренду/лизинг. Маг Адай.
КодНазначенияПлатежа=855
КонецДокумента
СекцияДокумент=выписка
НомерДокумента=92048706
ДатаДокумента=14.06.2023
ВидДокумента=Платежное поручение
ПолучательНаименование=ОСИ  "ЖК "Юнис Сити"
ПолучательБИН_ИИН=181140004063
ПолучательИИК=KZ79722S000001674774
ПолучательБанкБИК=CASPKZKA
ПолучательКБЕ=18
ПлательщикНаименование=Кабламбаев Ануар Айдарович
ПлательщикБИН_ИИН=001225551370
ПлательщикИИК=KZ686010002032155989
ПлательщикБанкБИК=HSBKKZKX
ПлательщикКБЕ=
СуммаПриход=21570.00
ДатаОперации=14.06.2023
НазначениеПлатежа=СУБП: Homebank. ИП Кабламбаева, магазин Аруша за июнь 2023г..Референс: 9C204870681
Номер входящего документа <9C2048706> заменен на машинный <92048706> (филиал получ. No CASPKZKA)
КодНазначенияПлатежа=859
КонецДокумента
СекцияДокумент=выписка
НомерДокумента=285
ДатаДокумента=14.06.2023
ВидДокумента=Платежное поручение
ПолучательНаименование=Ахметов Арман Ахметұлы
ПолучательБИН_ИИН=880825351243
ПолучательИИК=KZ59722C000023196936
ПолучательБанкБИК=CASPKZKA
ПолучательКБЕ=1
ПлательщикНаименование=ОСИ  "ЖК "Юнис Сити"
ПлательщикБИН_ИИН=181140004063
ПлательщикИИК=KZ79722S000001674774
ПлательщикБанкБИК=CASPKZKA
ПлательщикКБЕ=18
СуммаРасход=81668.00
ДатаОперации=14.06.2023
НазначениеПлатежа=За товары. За товары. За забор для палисадника 5 и 7 подъезды. Платёж 9 из 12. Общая сумма 960.000 тенге.
КодНазначенияПлатежа=710
КонецДокумента
СекцияДокумент=выписка
НомерДокумента=92048508
ДатаДокумента=14.06.2023
ВидДокумента=Платежное поручение
ПолучательНаименование=ОСИ  "ЖК "Юнис Сити"
ПолучательБИН_ИИН=181140004063
ПолучательИИК=KZ79722S000001674774
ПолучательБанкБИК=CASPKZKA
ПолучательКБЕ=18
ПлательщикНаименование=ЕЛДЕСПАЕВА ГҮЛДЕН АМАНҒАЛИҚЫЗЫ
ПлательщикБИН_ИИН=920612401717
ПлательщикИИК=KZ356010002032436234
ПлательщикБанкБИК=HSBKKZKX
ПлательщикКБЕ=
СуммаПриход=21360.00
ДатаОперации=14.06.2023
НазначениеПлатежа=СУБП: Homebank. Касеменова Камаш Сагынаевна за июнь. Референс: 9C204850827
Номер входящего документа <9C2048508> заменен на машинный <92048508> (филиал получ. No CASPKZKA)
КодНазначенияПлатежа=859
КонецДокумента
СекцияДокумент=выписка
НомерДокумента=20971990
ДатаДокумента=14.06.2023
ВидДокумента=Платежный ордер
ПолучательНаименование=ОСИ  "ЖК "Юнис Сити"
ПолучательБИН_ИИН=181140004063
ПолучательИИК=KZ79722S000001674774
ПолучательБанкБИК=CASPKZKA
ПолучательКБЕ=18
ПлательщикНаименование=АО "KASPI BANK"
ПлательщикБИН_ИИН=971240001315
ПлательщикИИК=KZ07722S000008480717
ПлательщикБанкБИК=
ПлательщикКБЕ=
СуммаПриход=65703.29
ДатаОперации=14.06.2023
НазначениеПлатежа=Согласно ведомости распределения '2359591' от 13/06/2023Взнос на содержание общего имущества
КодНазначенияПлатежа=856
КонецДокумента
СекцияДокумент=выписка
НомерДокумента=20971583
ДатаДокумента=14.06.2023
ВидДокумента=Платежный ордер
ПолучательНаименование=ОСИ  "ЖК "Юнис Сити"
ПолучательБИН_ИИН=181140004063
ПолучательИИК=KZ79722S000001674774
ПолучательБанкБИК=CASPKZKA
ПолучательКБЕ=18
ПлательщикНаименование=АО "KASPI BANK"
ПлательщикБИН_ИИН=971240001315
ПлательщикИИК=KZ07722S000008480717
ПлательщикБанкБИК=
ПлательщикКБЕ=
СуммаПриход=48295.13
ДатаОперации=14.06.2023
НазначениеПлатежа=Согласно ведомости распределения '2359591' от 13/06/2023Взнос на содержание общего имущества
КодНазначенияПлатежа=856
КонецДокумента
СекцияДокумент=выписка
НомерДокумента=284
ДатаДокумента=13.06.2023
ВидДокумента=Платежное поручение
ПолучательНаименование=Овчаренко Яна Петровна
ПолучательБИН_ИИН=910308400020
ПолучательИИК=KZ306010002021355238
ПолучательБанкБИК=HSBKKZKX
ПолучательКБЕ=1
ПлательщикНаименование=ОСИ  "ЖК "Юнис Сити"
ПлательщикБИН_ИИН=181140004063
ПлательщикИИК=KZ79722S000001674774
ПлательщикБанкБИК=CASPKZKA
ПлательщикКБЕ=18
СуммаРасход=150000.00
ДатаОперации=13.06.2023
НазначениеПлатежа=Оплата заработной платы. Услуги за май 2023г.
КодНазначенияПлатежа=332
КонецДокумента
СекцияДокумент=выписка
НомерДокумента=19401305
ДатаДокумента=13.06.2023
ВидДокумента=Платежное поручение
ПолучательНаименование=Жанпейіс Аймекенұлы Д.
ПолучательБИН_ИИН=720529301113
ПолучательИИК=KZ92722C000027244443
ПолучательБанкБИК=
ПолучательКБЕ=1
ПлательщикНаименование=ОСИ  "ЖК "Юнис Сити"
ПлательщикБИН_ИИН=181140004063
ПлательщикИИК=KZ79722S000001674774
ПлательщикБанкБИК=CASPKZKA
ПлательщикКБЕ=18
СуммаРасход=40000.00
ДатаОперации=13.06.2023
НазначениеПлатежа=Прочие безвозмездные переводы денег на карту Kaspi Gold *1219
КодНазначенияПлатежа=119
КонецДокумента
СекцияДокумент=выписка
НомерДокумента=92047572
ДатаДокумента=13.06.2023
ВидДокумента=Платежное поручение
ПолучательНаименование=ОСИ  "ЖК "Юнис Сити"
ПолучательБИН_ИИН=181140004063
ПолучательИИК=KZ79722S000001674774
ПолучательБанкБИК=CASPKZKA
ПолучательКБЕ=18
ПлательщикНаименование=Акпанов Арсен Сергеевич
ПлательщикБИН_ИИН=851223301496
ПлательщикИИК=KZ876010012001227051
ПлательщикБанкБИК=HSBKKZKX
ПлательщикКБЕ=
СуммаПриход=129900.00
ДатаОперации=13.06.2023
НазначениеПлатежа=СУБП: Homebank. аренда июнь экопотолки . Референс: 9C204757276
Номер входящего документа <9C2047572> заменен на машинный <92047572> (филиал получ. No CASPKZKA)
КодНазначенияПлатежа=859
КонецДокумента
СекцияДокумент=выписка
НомерДокумента=92047417
ДатаДокумента=13.06.2023
ВидДокумента=Платежное поручение
ПолучательНаименование=ОСИ  "ЖК "Юнис Сити"
ПолучательБИН_ИИН=181140004063
ПолучательИИК=KZ79722S000001674774
ПолучательБанкБИК=CASPKZKA
ПолучательКБЕ=18
ПлательщикНаименование=Овчаренко Яна Петровна
ПлательщикБИН_ИИН=910308400020
ПлательщикИИК=KZ306010002015669874
ПлательщикБанкБИК=HSBKKZKX
ПлательщикКБЕ=
СуммаПриход=11770.00
ДатаОперации=13.06.2023
НазначениеПлатежа=СУБП: Homebank. Аренда Нурымбетов. Референс: 9C204741782
Номер входящего документа <9C2047417> заменен на машинный <92047417> (филиал получ. No CASPKZKA)
КодНазначенияПлатежа=859
КонецДокумента
СекцияДокумент=выписка
НомерДокумента=92047418
ДатаДокумента=13.06.2023
ВидДокумента=Платежное поручение
ПолучательНаименование=ОСИ  "ЖК "Юнис Сити"
ПолучательБИН_ИИН=181140004063
ПолучательИИК=KZ79722S000001674774
ПолучательБанкБИК=CASPKZKA
ПолучательКБЕ=18
ПлательщикНаименование=Овчаренко Яна Петровна
ПлательщикБИН_ИИН=910308400020
ПлательщикИИК=KZ306010002015669874
ПлательщикБанкБИК=HSBKKZKX
ПлательщикКБЕ=
СуммаПриход=16770.00
ДатаОперации=13.06.2023
НазначениеПлатежа=СУБП: Homebank. Аренда Мус и Жека. Референс: 9C204741800
Номер входящего документа <9C2047418> заменен на машинный <92047418> (филиал получ. No CASPKZKA)
КодНазначенияПлатежа=859
КонецДокумента
СекцияДокумент=выписка
НомерДокумента=283
ДатаДокумента=13.06.2023
ВидДокумента=Платежное поручение
ПолучательНаименование=Овчаренко Яна Петровна
ПолучательБИН_ИИН=910308400020
ПолучательИИК=KZ306010002021355238
ПолучательБанкБИК=HSBKKZKX
ПолучательКБЕ=1
ПлательщикНаименование=ОСИ  "ЖК "Юнис Сити"
ПлательщикБИН_ИИН=181140004063
ПлательщикИИК=KZ79722S000001674774
ПлательщикБанкБИК=CASPKZKA
ПлательщикКБЕ=18
СуммаРасход=150000.00
ДатаОперации=13.06.2023
НазначениеПлатежа=Оплата заработной платы. Услуги за май 2023г.
КодНазначенияПлатежа=332
КонецДокумента
СекцияДокумент=выписка
НомерДокумента=19232313
ДатаДокумента=13.06.2023
ВидДокумента=Платежный ордер
ПолучательНаименование=ОСИ  "ЖК "Юнис Сити"
ПолучательБИН_ИИН=181140004063
ПолучательИИК=KZ79722S000001674774
ПолучательБанкБИК=CASPKZKA
ПолучательКБЕ=18
ПлательщикНаименование=АО "KASPI BANK"
ПлательщикБИН_ИИН=971240001315
ПлательщикИИК=KZ07722S000008480717
ПлательщикБанкБИК=
ПлательщикКБЕ=
СуммаПриход=11195.30
ДатаОперации=13.06.2023
НазначениеПлатежа=Согласно ведомости распределения '2359591' от 12/06/2023Взнос на содержание общего имущества
КодНазначенияПлатежа=856
КонецДокумента
СекцияДокумент=выписка
НомерДокумента=19232237
ДатаДокумента=13.06.2023
ВидДокумента=Платежный ордер
ПолучательНаименование=ОСИ  "ЖК "Юнис Сити"
ПолучательБИН_ИИН=181140004063
ПолучательИИК=KZ79722S000001674774
ПолучательБанкБИК=CASPKZKA
ПолучательКБЕ=18
ПлательщикНаименование=АО "KASPI BANK"
ПлательщикБИН_ИИН=971240001315
ПлательщикИИК=KZ07722S000008480717
ПлательщикБанкБИК=
ПлательщикКБЕ=
СуммаПриход=97458.75
ДатаОперации=13.06.2023
НазначениеПлатежа=Согласно ведомости распределения '2359591' от 12/06/2023Взнос на содержание общего имущества
КодНазначенияПлатежа=856
КонецДокумента
СекцияДокумент=выписка
НомерДокумента=92045715
ДатаДокумента=12.06.2023
ВидДокумента=Платежное поручение
ПолучательНаименование=ОСИ  "ЖК "Юнис Сити"
ПолучательБИН_ИИН=181140004063
ПолучательИИК=KZ79722S000001674774
ПолучательБанкБИК=CASPKZKA
ПолучательКБЕ=18
ПлательщикНаименование=Ермагамбетов Салимжан Тулепбергенович
ПлательщикБИН_ИИН=660322301451
ПлательщикИИК=KZ416010002001361497
ПлательщикБанкБИК=HSBKKZKX
ПлательщикКБЕ=
СуммаПриход=20640.00
ДатаОперации=12.06.2023
НазначениеПлатежа=СУБП: Homebank. За Июнь Ермагамбетова Жанаргуль . Референс: 9C204571577
Номер входящего документа <9C2045715> заменен на машинный <92045715> (филиал получ. No CASPKZKA)
КодНазначенияПлатежа=859
КонецДокумента
СекцияДокумент=выписка
НомерДокумента=19
ДатаДокумента=12.06.2023
ВидДокумента=Платежное поручение
ПолучательНаименование=ОСИ  "ЖК "Юнис Сити"
ПолучательБИН_ИИН=181140004063
ПолучательИИК=KZ79722S000001674774
ПолучательБанкБИК=CASPKZKA
ПолучательКБЕ=18
ПлательщикНаименование=ИП ТАУБАЕВА ГУЛНАЗЫМ НУРЖИГИТОВНА
ПлательщикБИН_ИИН=840422400997
ПлательщикИИК=KZ73722S000019564883
ПлательщикБанкБИК=
ПлательщикКБЕ=
СуммаПриход=39570.00
ДатаОперации=12.06.2023
НазначениеПлатежа=За профессиональные, научные и технические услуги. Аренда "Стильняшки".
КодНазначенияПлатежа=859
КонецДокумента
СекцияДокумент=выписка
НомерДокумента=17538596
ДатаДокумента=12.06.2023
ВидДокумента=Платежный ордер
ПолучательНаименование=ОСИ  "ЖК "Юнис Сити"
ПолучательБИН_ИИН=181140004063
ПолучательИИК=KZ79722S000001674774
ПолучательБанкБИК=CASPKZKA
ПолучательКБЕ=18
ПлательщикНаименование=АО "KASPI BANK"
ПлательщикБИН_ИИН=971240001315
ПлательщикИИК=KZ07722S000008480717
ПлательщикБанкБИК=
ПлательщикКБЕ=
СуммаПриход=6819.47
ДатаОперации=12.06.2023
НазначениеПлатежа=Согласно ведомости распределения '2359591' от 11/06/2023Взнос на содержание общего имущества
КодНазначенияПлатежа=856
КонецДокумента
СекцияДокумент=выписка
НомерДокумента=14824986
ДатаДокумента=12.06.2023
ВидДокумента=Платежный ордер
ПолучательНаименование=ОСИ  "ЖК "Юнис Сити"
ПолучательБИН_ИИН=181140004063
ПолучательИИК=KZ79722S000001674774
ПолучательБанкБИК=CASPKZKA
ПолучательКБЕ=18
ПлательщикНаименование=АО "KASPI BANK"
ПлательщикБИН_ИИН=971240001315
ПлательщикИИК=KZ07722S000008480717
ПлательщикБанкБИК=
ПлательщикКБЕ=
СуммаПриход=12310.95
ДатаОперации=12.06.2023
НазначениеПлатежа=Согласно ведомости распределения '2359591' от 09/06/2023Взнос на содержание общего имущества
КодНазначенияПлатежа=856
КонецДокумента
СекцияДокумент=выписка
НомерДокумента=14825039
ДатаДокумента=12.06.2023
ВидДокумента=Платежный ордер
ПолучательНаименование=ОСИ  "ЖК "Юнис Сити"
ПолучательБИН_ИИН=181140004063
ПолучательИИК=KZ79722S000001674774
ПолучательБанкБИК=CASPKZKA
ПолучательКБЕ=18
ПлательщикНаименование=АО "KASPI BANK"
ПлательщикБИН_ИИН=971240001315
ПлательщикИИК=KZ07722S000008480717
ПлательщикБанкБИК=
ПлательщикКБЕ=
СуммаПриход=20996.84
ДатаОперации=12.06.2023
НазначениеПлатежа=Согласно ведомости распределения '2359591' от 09/06/2023Взнос на содержание общего имущества
КодНазначенияПлатежа=856
КонецДокумента
СекцияДокумент=выписка
НомерДокумента=16261975
ДатаДокумента=12.06.2023
ВидДокумента=Платежный ордер
ПолучательНаименование=ОСИ  "ЖК "Юнис Сити"
ПолучательБИН_ИИН=181140004063
ПолучательИИК=KZ79722S000001674774
ПолучательБанкБИК=CASPKZKA
ПолучательКБЕ=18
ПлательщикНаименование=АО "KASPI BANK"
ПлательщикБИН_ИИН=971240001315
ПлательщикИИК=KZ07722S000008480717
ПлательщикБанкБИК=
ПлательщикКБЕ=
СуммаПриход=32942.88
ДатаОперации=12.06.2023
НазначениеПлатежа=Согласно ведомости распределения '2359591' от 10/06/2023Взнос на содержание общего имущества
КодНазначенияПлатежа=856
КонецДокумента
СекцияДокумент=выписка
НомерДокумента=16262254
ДатаДокумента=12.06.2023
ВидДокумента=Платежный ордер
ПолучательНаименование=ОСИ  "ЖК "Юнис Сити"
ПолучательБИН_ИИН=181140004063
ПолучательИИК=KZ79722S000001674774
ПолучательБанкБИК=CASPKZKA
ПолучательКБЕ=18
ПлательщикНаименование=АО "KASPI BANK"
ПлательщикБИН_ИИН=971240001315
ПлательщикИИК=KZ07722S000008480717
ПлательщикБанкБИК=
ПлательщикКБЕ=
СуммаПриход=3152.51
ДатаОперации=12.06.2023
НазначениеПлатежа=Согласно ведомости распределения '2359591' от 10/06/2023Взнос на содержание общего имущества
КодНазначенияПлатежа=856
КонецДокумента
СекцияДокумент=выписка
НомерДокумента=16303735
ДатаДокумента=12.06.2023
ВидДокумента=Платежное поручение
ПолучательНаименование=Александр Дмитриевич Е.
ПолучательБИН_ИИН=951023350408
ПолучательИИК=KZ07722C000019266268
ПолучательБанкБИК=
ПолучательКБЕ=1
ПлательщикНаименование=ОСИ  "ЖК "Юнис Сити"
ПлательщикБИН_ИИН=181140004063
ПлательщикИИК=KZ79722S000001674774
ПлательщикБанкБИК=CASPKZKA
ПлательщикКБЕ=18
СуммаРасход=117500.00
ДатаОперации=12.06.2023
НазначениеПлатежа=Прочие безвозмездные переводы денег на карту Kaspi Gold *5320
КодНазначенияПлатежа=119
КонецДокумента
СекцияДокумент=выписка
НомерДокумента=13843378
ДатаДокумента=09.06.2023
ВидДокумента=Платежное поручение
ПолучательНаименование=Яна Петровна О.
ПолучательБИН_ИИН=910308400020
ПолучательИИК=KZ22722C000024901213
ПолучательБанкБИК=
ПолучательКБЕ=1
ПлательщикНаименование=ОСИ  "ЖК "Юнис Сити"
ПлательщикБИН_ИИН=181140004063
ПлательщикИИК=KZ79722S000001674774
ПлательщикБанкБИК=CASPKZKA
ПлательщикКБЕ=18
СуммаРасход=7000.00
ДатаОперации=09.06.2023
НазначениеПлатежа=Прочие безвозмездные переводы денег на карту Kaspi Gold *3305
КодНазначенияПлатежа=119
КонецДокумента
СекцияДокумент=выписка
НомерДокумента=282
ДатаДокумента=09.06.2023
ВидДокумента=Платежное поручение
ПолучательНаименование=Байсеуова Индира Исаковна
ПолучательБИН_ИИН=771110400998
ПолучательИИК=KZ28722C000013146548
ПолучательБанкБИК=CASPKZKA
ПолучательКБЕ=1
ПлательщикНаименование=ОСИ  "ЖК "Юнис Сити"
ПлательщикБИН_ИИН=181140004063
ПлательщикИИК=KZ79722S000001674774
ПлательщикБанкБИК=CASPKZKA
ПлательщикКБЕ=18
СуммаРасход=30000.00
ДатаОперации=09.06.2023
НазначениеПлатежа=За профессиональные, научные и технические услуги. За бухгалтерское сопровождение за май 2023г.
КодНазначенияПлатежа=859
КонецДокумента
СекцияДокумент=выписка
НомерДокумента=281
ДатаДокумента=09.06.2023
ВидДокумента=Платежное поручение
ПолучательНаименование=ТОО Актобеэнергоснаб
ПолучательБИН_ИИН=040940005515
ПолучательИИК=KZ3696515F0007894737
ПолучательБанкБИК=IRTYKZKA
ПолучательКБЕ=1
ПлательщикНаименование=ОСИ  "ЖК "Юнис Сити"
ПлательщикБИН_ИИН=181140004063
ПлательщикИИК=KZ79722S000001674774
ПлательщикБанкБИК=CASPKZKA
ПлательщикКБЕ=18
СуммаРасход=35711.12
ДатаОперации=09.06.2023
НазначениеПлатежа=За товары. За электроэнергию согласно договора № 29677 от 06.12.2018 по счет-фактуре от 31.05.2023г.
КодНазначенияПлатежа=710
КонецДокумента
СекцияДокумент=выписка
НомерДокумента=13112896
ДатаДокумента=09.06.2023
ВидДокумента=Платежный ордер
ПолучательНаименование=ОСИ  "ЖК "Юнис Сити"
ПолучательБИН_ИИН=181140004063
ПолучательИИК=KZ79722S000001674774
ПолучательБанкБИК=CASPKZKA
ПолучательКБЕ=18
ПлательщикНаименование=АО "KASPI BANK"
ПлательщикБИН_ИИН=971240001315
ПлательщикИИК=KZ07722S000008480717
ПлательщикБанкБИК=
ПлательщикКБЕ=
СуммаПриход=36325.71
ДатаОперации=09.06.2023
НазначениеПлатежа=Согласно ведомости распределения '2359591' от 08/06/2023Взнос на содержание общего имущества
КодНазначенияПлатежа=856
КонецДокумента
СекцияДокумент=выписка
НомерДокумента=13112818
ДатаДокумента=09.06.2023
ВидДокумента=Платежный ордер
ПолучательНаименование=ОСИ  "ЖК "Юнис Сити"
ПолучательБИН_ИИН=181140004063
ПолучательИИК=KZ79722S000001674774
ПолучательБанкБИК=CASPKZKA
ПолучательКБЕ=18
ПлательщикНаименование=АО "KASPI BANK"
ПлательщикБИН_ИИН=971240001315
ПлательщикИИК=KZ07722S000008480717
ПлательщикБанкБИК=
ПлательщикКБЕ=
СуммаПриход=5362.86
ДатаОперации=09.06.2023
НазначениеПлатежа=Согласно ведомости распределения '2359591' от 08/06/2023Взнос на содержание общего имущества
КодНазначенияПлатежа=856
КонецДокумента
СекцияДокумент=выписка
НомерДокумента=62
ДатаДокумента=08.06.2023
ВидДокумента=Платежное поручение
ПолучательНаименование=ОСИ  "ЖК "Юнис Сити"
ПолучательБИН_ИИН=181140004063
ПолучательИИК=KZ79722S000001674774
ПолучательБанкБИК=CASPKZKA
ПолучательКБЕ=18
ПлательщикНаименование=ОО "Қыран - Батыс Мүгедектері"
ПлательщикБИН_ИИН=150540018971
ПлательщикИИК=KZ82722S000014371826
ПлательщикБанкБИК=
ПлательщикКБЕ=
СуммаПриход=87050.00
ДатаОперации=08.06.2023
НазначениеПлатежа=За профессиональные, научные и технические услуги. согласно счету №20 от 01/06/2023г. Аренда цеха за июнь месяц 2023г.
КодНазначенияПлатежа=859
КонецДокумента
СекцияДокумент=выписка
НомерДокумента=11479624
ДатаДокумента=08.06.2023
ВидДокумента=Платежное поручение
ПолучательНаименование=Абдужамил Айтжанович А.
ПолучательБИН_ИИН=670517399048
ПолучательИИК=KZ17722C000069995245
ПолучательБанкБИК=
ПолучательКБЕ=1
ПлательщикНаименование=ОСИ  "ЖК "Юнис Сити"
ПлательщикБИН_ИИН=181140004063
ПлательщикИИК=KZ79722S000001674774
ПлательщикБанкБИК=CASPKZKA
ПлательщикКБЕ=18
СуммаРасход=80000.00
ДатаОперации=08.06.2023
НазначениеПлатежа=Прочие безвозмездные переводы денег на карту Kaspi Gold *4070
КодНазначенияПлатежа=119
КонецДокумента
СекцияДокумент=выписка
НомерДокумента=11436147
ДатаДокумента=08.06.2023
ВидДокумента=Платежный ордер
ПолучательНаименование=ОСИ  "ЖК "Юнис Сити"
ПолучательБИН_ИИН=181140004063
ПолучательИИК=KZ79722S000001674774
ПолучательБанкБИК=CASPKZKA
ПолучательКБЕ=18
ПлательщикНаименование=АО "KASPI BANK"
ПлательщикБИН_ИИН=971240001315
ПлательщикИИК=KZ07722S000008480717
ПлательщикБанкБИК=
ПлательщикКБЕ=
СуммаПриход=5359.87
ДатаОперации=08.06.2023
НазначениеПлатежа=Согласно ведомости распределения '2359591' от 07/06/2023Взнос на содержание общего имущества
КодНазначенияПлатежа=856
КонецДокумента
СекцияДокумент=выписка
НомерДокумента=11435722
ДатаДокумента=08.06.2023
ВидДокумента=Платежный ордер
ПолучательНаименование=ОСИ  "ЖК "Юнис Сити"
ПолучательБИН_ИИН=181140004063
ПолучательИИК=KZ79722S000001674774
ПолучательБанкБИК=CASPKZKA
ПолучательКБЕ=18
ПлательщикНаименование=АО "KASPI BANK"
ПлательщикБИН_ИИН=971240001315
ПлательщикИИК=KZ07722S000008480717
ПлательщикБанкБИК=
ПлательщикКБЕ=
СуммаПриход=27436.44
ДатаОперации=08.06.2023
НазначениеПлатежа=Согласно ведомости распределения '2359591' от 07/06/2023Взнос на содержание общего имущества
КодНазначенияПлатежа=856
КонецДокумента
СекцияДокумент=выписка
НомерДокумента=9751681
ДатаДокумента=07.06.2023
ВидДокумента=Платежный ордер
ПолучательНаименование=ОСИ  "ЖК "Юнис Сити"
ПолучательБИН_ИИН=181140004063
ПолучательИИК=KZ79722S000001674774
ПолучательБанкБИК=CASPKZKA
ПолучательКБЕ=18
ПлательщикНаименование=АО "KASPI BANK"
ПлательщикБИН_ИИН=971240001315
ПлательщикИИК=KZ07722S000008480717
ПлательщикБанкБИК=
ПлательщикКБЕ=
СуммаПриход=33244.96
ДатаОперации=07.06.2023
НазначениеПлатежа=Согласно ведомости распределения '2359591' от 06/06/2023Взнос на содержание общего имущества
КодНазначенияПлатежа=856
КонецДокумента
СекцияДокумент=выписка
НомерДокумента=9751480
ДатаДокумента=07.06.2023
ВидДокумента=Платежный ордер
ПолучательНаименование=ОСИ  "ЖК "Юнис Сити"
ПолучательБИН_ИИН=181140004063
ПолучательИИК=KZ79722S000001674774
ПолучательБанкБИК=CASPKZKA
ПолучательКБЕ=18
ПлательщикНаименование=АО "KASPI BANK"
ПлательщикБИН_ИИН=971240001315
ПлательщикИИК=KZ07722S000008480717
ПлательщикБанкБИК=
ПлательщикКБЕ=
СуммаПриход=6805.02
ДатаОперации=07.06.2023
НазначениеПлатежа=Согласно ведомости распределения '2359591' от 06/06/2023Взнос на содержание общего имущества
КодНазначенияПлатежа=856
КонецДокумента
СекцияДокумент=выписка
НомерДокумента=8081125
ДатаДокумента=06.06.2023
ВидДокумента=Платежное поручение
ПолучательНаименование=Достан Айдарович Б.
ПолучательБИН_ИИН=840201350201
ПолучательИИК=KZ30722C000019862792
ПолучательБанкБИК=
ПолучательКБЕ=1
ПлательщикНаименование=ОСИ  "ЖК "Юнис Сити"
ПлательщикБИН_ИИН=181140004063
ПлательщикИИК=KZ79722S000001674774
ПлательщикБанкБИК=CASPKZKA
ПлательщикКБЕ=18
СуммаРасход=25000.00
ДатаОперации=06.06.2023
НазначениеПлатежа=Прочие безвозмездные переводы денег на карту Kaspi Gold *2964
КодНазначенияПлатежа=119
КонецДокумента
СекцияДокумент=выписка
НомерДокумента=8059541
ДатаДокумента=06.06.2023
ВидДокумента=Платежный ордер
ПолучательНаименование=ОСИ  "ЖК "Юнис Сити"
ПолучательБИН_ИИН=181140004063
ПолучательИИК=KZ79722S000001674774
ПолучательБанкБИК=CASPKZKA
ПолучательКБЕ=18
ПлательщикНаименование=АО "KASPI BANK"
ПлательщикБИН_ИИН=971240001315
ПлательщикИИК=KZ07722S000008480717
ПлательщикБанкБИК=
ПлательщикКБЕ=
СуммаПриход=21653.02
ДатаОперации=06.06.2023
НазначениеПлатежа=Согласно ведомости распределения '2359591' от 05/06/2023Взнос на содержание общего имущества
КодНазначенияПлатежа=856
КонецДокумента
СекцияДокумент=выписка
НомерДокумента=3758014
ДатаДокумента=05.06.2023
ВидДокумента=Платежный ордер
ПолучательНаименование=ОСИ  "ЖК "Юнис Сити"
ПолучательБИН_ИИН=181140004063
ПолучательИИК=KZ79722S000001674774
ПолучательБанкБИК=CASPKZKA
ПолучательКБЕ=18
ПлательщикНаименование=АО "KASPI BANK"
ПлательщикБИН_ИИН=971240001315
ПлательщикИИК=KZ07722S000008480717
ПлательщикБанкБИК=
ПлательщикКБЕ=
СуммаПриход=3206.36
ДатаОперации=05.06.2023
НазначениеПлатежа=Согласно ведомости распределения '2359591' от 02/06/2023Взнос на содержание общего имущества
КодНазначенияПлатежа=856
КонецДокумента
СекцияДокумент=выписка
НомерДокумента=3973715
ДатаДокумента=05.06.2023
ВидДокумента=Платежное поручение
ПолучательНаименование=Ануар Айдарович К.
ПолучательБИН_ИИН=001225551370
ПолучательИИК=KZ19722C000036852152
ПолучательБанкБИК=
ПолучательКБЕ=1
ПлательщикНаименование=ОСИ  "ЖК "Юнис Сити"
ПлательщикБИН_ИИН=181140004063
ПлательщикИИК=KZ79722S000001674774
ПлательщикБанкБИК=CASPKZKA
ПлательщикКБЕ=18
СуммаРасход=1000.00
ДатаОперации=05.06.2023
НазначениеПлатежа=Прочие безвозмездные переводы денег на карту Kaspi Gold *6776
КодНазначенияПлатежа=119
КонецДокумента
СекцияДокумент=выписка
НомерДокумента=5159695
ДатаДокумента=05.06.2023
ВидДокумента=Платежный ордер
ПолучательНаименование=ОСИ  "ЖК "Юнис Сити"
ПолучательБИН_ИИН=181140004063
ПолучательИИК=KZ79722S000001674774
ПолучательБанкБИК=CASPKZKA
ПолучательКБЕ=18
ПлательщикНаименование=АО "KASPI BANK"
ПлательщикБИН_ИИН=971240001315
ПлательщикИИК=KZ07722S000008480717
ПлательщикБанкБИК=
ПлательщикКБЕ=
СуммаПриход=4636.05
ДатаОперации=05.06.2023
НазначениеПлатежа=Согласно ведомости распределения '2359591' от 03/06/2023Взнос на содержание общего имущества
КодНазначенияПлатежа=856
КонецДокумента
СекцияДокумент=выписка
НомерДокумента=2751970
ДатаДокумента=02.06.2023
ВидДокумента=Платежное поручение
ПолучательНаименование=Армангуль Минжановна Н.
ПолучательБИН_ИИН=800101411523
ПолучательИИК=KZ57722C000073286996
ПолучательБанкБИК=
ПолучательКБЕ=1
ПлательщикНаименование=ОСИ  "ЖК "Юнис Сити"
ПлательщикБИН_ИИН=181140004063
ПлательщикИИК=KZ79722S000001674774
ПлательщикБанкБИК=CASPKZKA
ПлательщикКБЕ=18
СуммаРасход=32500.00
ДатаОперации=02.06.2023
НазначениеПлатежа=Прочие безвозмездные переводы денег на карту Kaspi Gold *2418
КодНазначенияПлатежа=119
КонецДокумента
СекцияДокумент=выписка
НомерДокумента=2751813
ДатаДокумента=02.06.2023
ВидДокумента=Платежное поручение
ПолучательНаименование=Жұмагүл Құламанқызы Б.
ПолучательБИН_ИИН=700709401769
ПолучательИИК=KZ63722C000042185002
ПолучательБанкБИК=
ПолучательКБЕ=1
ПлательщикНаименование=ОСИ  "ЖК "Юнис Сити"
ПлательщикБИН_ИИН=181140004063
ПлательщикИИК=KZ79722S000001674774
ПлательщикБанкБИК=CASPKZKA
ПлательщикКБЕ=18
СуммаРасход=50000.00
ДатаОперации=02.06.2023
НазначениеПлатежа=Прочие безвозмездные переводы денег на карту Kaspi Gold *6792
КодНазначенияПлатежа=119
КонецДокумента
СекцияДокумент=выписка
НомерДокумента=2751418
ДатаДокумента=02.06.2023
ВидДокумента=Платежное поручение
ПолучательНаименование=Жангак Ж.
ПолучательБИН_ИИН=650701401387
ПолучательИИК=KZ46722C000033259562
ПолучательБанкБИК=
ПолучательКБЕ=1
ПлательщикНаименование=ОСИ  "ЖК "Юнис Сити"
ПлательщикБИН_ИИН=181140004063
ПлательщикИИК=KZ79722S000001674774
ПлательщикБанкБИК=CASPKZKA
ПлательщикКБЕ=18
СуммаРасход=37500.00
ДатаОперации=02.06.2023
НазначениеПлатежа=Прочие безвозмездные переводы денег на карту Kaspi Gold *6418
КодНазначенияПлатежа=119
КонецДокумента
СекцияДокумент=выписка
НомерДокумента=2751313
ДатаДокумента=02.06.2023
ВидДокумента=Платежное поручение
ПолучательНаименование=Жанпейіс Аймекенұлы Д.
ПолучательБИН_ИИН=720529301113
ПолучательИИК=KZ92722C000027244443
ПолучательБанкБИК=
ПолучательКБЕ=1
ПлательщикНаименование=ОСИ  "ЖК "Юнис Сити"
ПлательщикБИН_ИИН=181140004063
ПлательщикИИК=KZ79722S000001674774
ПлательщикБанкБИК=CASPKZKA
ПлательщикКБЕ=18
СуммаРасход=50000.00
ДатаОперации=02.06.2023
НазначениеПлатежа=Прочие безвозмездные переводы денег на карту Kaspi Gold *1219
КодНазначенияПлатежа=119
КонецДокумента
СекцияДокумент=выписка
НомерДокумента=2726211
ДатаДокумента=02.06.2023
ВидДокумента=Платежное поручение
ПолучательНаименование=Жаслан Алданышович Д.
ПолучательБИН_ИИН=860812303483
ПолучательИИК=KZ70722C000039860659
ПолучательБанкБИК=
ПолучательКБЕ=1
ПлательщикНаименование=ОСИ  "ЖК "Юнис Сити"
ПлательщикБИН_ИИН=181140004063
ПлательщикИИК=KZ79722S000001674774
ПлательщикБанкБИК=CASPKZKA
ПлательщикКБЕ=18
СуммаРасход=6000.00
ДатаОперации=02.06.2023
НазначениеПлатежа=Прочие безвозмездные переводы денег на карту Kaspi Gold *3671
КодНазначенияПлатежа=119
КонецДокумента
СекцияДокумент=выписка
НомерДокумента=148
ДатаДокумента=02.06.2023
ВидДокумента=Платежное поручение
ПолучательНаименование=ОСИ  "ЖК "Юнис Сити"
ПолучательБИН_ИИН=181140004063
ПолучательИИК=KZ79722S000001674774
ПолучательБанкБИК=CASPKZKA
ПолучательКБЕ=18
ПлательщикНаименование=ИП Центр Творчества и Спорта Болашак
ПлательщикБИН_ИИН=641017300375
ПлательщикИИК=KZ23601A121000288001
ПлательщикБанкБИК=HSBKKZKX
ПлательщикКБЕ=
СуммаПриход=186000.00
ДатаОперации=02.06.2023
НазначениеПлатежа=Перечисляется оплата согласно счета на оплату №19 от 01.06.2023г. и договора №А-22-01 от 01.01.2022г. за июнь месяц Платежи за профе ссиональные, научные и технические услуги, (филиал получ. No CASPKZKA)
КодНазначенияПлатежа=859
КонецДокумента
СекцияДокумент=выписка
НомерДокумента=2567239
ДатаДокумента=02.06.2023
ВидДокумента=Платежное поручение
ПолучательНаименование=Жаслан Алданышович Д.
ПолучательБИН_ИИН=860812303483
ПолучательИИК=KZ70722C000039860659
ПолучательБанкБИК=
ПолучательКБЕ=1
ПлательщикНаименование=ОСИ  "ЖК "Юнис Сити"
ПлательщикБИН_ИИН=181140004063
ПлательщикИИК=KZ79722S000001674774
ПлательщикБанкБИК=CASPKZKA
ПлательщикКБЕ=18
СуммаРасход=14000.00
ДатаОперации=02.06.2023
НазначениеПлатежа=Прочие безвозмездные переводы денег на карту Kaspi Gold *3671
КодНазначенияПлатежа=119
КонецДокумента
СекцияДокумент=выписка
НомерДокумента=2376640
ДатаДокумента=02.06.2023
ВидДокумента=Платежное поручение
ПолучательНаименование=Яна Петровна О.
ПолучательБИН_ИИН=910308400020
ПолучательИИК=KZ22722C000024901213
ПолучательБанкБИК=
ПолучательКБЕ=1
ПлательщикНаименование=ОСИ  "ЖК "Юнис Сити"
ПлательщикБИН_ИИН=181140004063
ПлательщикИИК=KZ79722S000001674774
ПлательщикБанкБИК=CASPKZKA
ПлательщикКБЕ=18
СуммаРасход=995.00
ДатаОперации=02.06.2023
НазначениеПлатежа=Прочие безвозмездные переводы денег на карту Kaspi Gold *3305
КодНазначенияПлатежа=119
КонецДокумента
СекцияДокумент=выписка
НомерДокумента=2363316
ДатаДокумента=02.06.2023
ВидДокумента=Платежное поручение
ПолучательНаименование=Яна Петровна О.
ПолучательБИН_ИИН=910308400020
ПолучательИИК=KZ22722C000024901213
ПолучательБанкБИК=
ПолучательКБЕ=1
ПлательщикНаименование=ОСИ  "ЖК "Юнис Сити"
ПлательщикБИН_ИИН=181140004063
ПлательщикИИК=KZ79722S000001674774
ПлательщикБанкБИК=CASPKZKA
ПлательщикКБЕ=18
СуммаРасход=392.00
ДатаОперации=02.06.2023
НазначениеПлатежа=Прочие безвозмездные переводы денег на карту Kaspi Gold *3305
КодНазначенияПлатежа=119
КонецДокумента
СекцияДокумент=выписка
НомерДокумента=2108442
ДатаДокумента=02.06.2023
ВидДокумента=Платежное поручение
ПолучательНаименование=Жангак Ж.
ПолучательБИН_ИИН=650701401387
ПолучательИИК=KZ46722C000033259562
ПолучательБанкБИК=
ПолучательКБЕ=1
ПлательщикНаименование=ОСИ  "ЖК "Юнис Сити"
ПлательщикБИН_ИИН=181140004063
ПлательщикИИК=KZ79722S000001674774
ПлательщикБанкБИК=CASPKZKA
ПлательщикКБЕ=18
СуммаРасход=37500.00
ДатаОперации=02.06.2023
НазначениеПлатежа=Прочие безвозмездные переводы денег на карту Kaspi Gold *6418
КодНазначенияПлатежа=119
КонецДокумента
СекцияДокумент=выписка
НомерДокумента=5
ДатаДокумента=02.06.2023
ВидДокумента=Платежное поручение
ПолучательНаименование=ОСИ  "ЖК "Юнис Сити"
ПолучательБИН_ИИН=181140004063
ПолучательИИК=KZ79722S000001674774
ПолучательБанкБИК=CASPKZKA
ПолучательКБЕ=18
ПлательщикНаименование=ИП САҒЫНҒАЛИЕВА А
ПлательщикБИН_ИИН=000525651464
ПлательщикИИК=KZ02722S000021218265
ПлательщикБанкБИК=
ПлательщикКБЕ=
СуммаПриход=38250.00
ДатаОперации=02.06.2023
НазначениеПлатежа=За профессиональные, научные и технические услуги. Исказиева А.Д.
КодНазначенияПлатежа=859
КонецДокумента
СекцияДокумент=выписка
НомерДокумента=1927034
ДатаДокумента=02.06.2023
ВидДокумента=Платежный ордер
ПолучательНаименование=ОСИ  "ЖК "Юнис Сити"
ПолучательБИН_ИИН=181140004063
ПолучательИИК=KZ79722S000001674774
ПолучательБанкБИК=CASPKZKA
ПолучательКБЕ=18
ПлательщикНаименование=АО "KASPI BANK"
ПлательщикБИН_ИИН=971240001315
ПлательщикИИК=KZ07722S000008480717
ПлательщикБанкБИК=
ПлательщикКБЕ=
СуммаПриход=6726.77
ДатаОперации=02.06.2023
НазначениеПлатежа=Согласно ведомости распределения '2359591' от 01/06/2023Взнос на содержание общего имущества
КодНазначенияПлатежа=856
КонецДокумента
СекцияДокумент=выписка
НомерДокумента=1925350
ДатаДокумента=02.06.2023
ВидДокумента=Платежный ордер
ПолучательНаименование=ОСИ  "ЖК "Юнис Сити"
ПолучательБИН_ИИН=181140004063
ПолучательИИК=KZ79722S000001674774
ПолучательБанкБИК=CASPKZKA
ПолучательКБЕ=18
ПлательщикНаименование=АО "KASPI BANK"
ПлательщикБИН_ИИН=971240001315
ПлательщикИИК=KZ07722S000008480717
ПлательщикБанкБИК=
ПлательщикКБЕ=
СуммаПриход=2551.32
ДатаОперации=02.06.2023
НазначениеПлатежа=Согласно ведомости распределения '2359591' от 01/06/2023Взнос на содержание общего имущества
КодНазначенияПлатежа=856
КонецДокумента
СекцияДокумент=выписка
НомерДокумента=377792
ДатаДокумента=01.06.2023
ВидДокумента=Платежное поручение
ПолучательНаименование=Жаслан Алданышович Д.
ПолучательБИН_ИИН=860812303483
ПолучательИИК=KZ70722C000039860659
ПолучательБанкБИК=
ПолучательКБЕ=1
ПлательщикНаименование=ОСИ  "ЖК "Юнис Сити"
ПлательщикБИН_ИИН=181140004063
ПлательщикИИК=KZ79722S000001674774
ПлательщикБанкБИК=CASPKZKA
ПлательщикКБЕ=18
СуммаРасход=70000.00
ДатаОперации=01.06.2023
НазначениеПлатежа=Прочие безвозмездные переводы денег на карту Kaspi Gold *3671
КодНазначенияПлатежа=119
КонецДокумента
СекцияДокумент=выписка
НомерДокумента=376017
ДатаДокумента=01.06.2023
ВидДокумента=Платежное поручение
ПолучательНаименование=Достан Айдарович Б.
ПолучательБИН_ИИН=840201350201
ПолучательИИК=KZ30722C000019862792
ПолучательБанкБИК=
ПолучательКБЕ=1
ПлательщикНаименование=ОСИ  "ЖК "Юнис Сити"
ПлательщикБИН_ИИН=181140004063
ПлательщикИИК=KZ79722S000001674774
ПлательщикБанкБИК=CASPKZKA
ПлательщикКБЕ=18
СуммаРасход=25000.00
ДатаОперации=01.06.2023
НазначениеПлатежа=Прочие безвозмездные переводы денег на карту Kaspi Gold *2964
КодНазначенияПлатежа=119
КонецДокумента
СекцияДокумент=выписка
НомерДокумента=375833
ДатаДокумента=01.06.2023
ВидДокумента=Платежное поручение
ПолучательНаименование=Жұмагүл Құламанқызы Б.
ПолучательБИН_ИИН=700709401769
ПолучательИИК=KZ63722C000042185002
ПолучательБанкБИК=
ПолучательКБЕ=1
ПлательщикНаименование=ОСИ  "ЖК "Юнис Сити"
ПлательщикБИН_ИИН=181140004063
ПлательщикИИК=KZ79722S000001674774
ПлательщикБанкБИК=CASPKZKA
ПлательщикКБЕ=18
СуммаРасход=50000.00
ДатаОперации=01.06.2023
НазначениеПлатежа=Прочие безвозмездные переводы денег на карту Kaspi Gold *6792
КодНазначенияПлатежа=119
КонецДокумента
СекцияДокумент=выписка
НомерДокумента=375694
ДатаДокумента=01.06.2023
ВидДокумента=Платежное поручение
ПолучательНаименование=Армангуль Минжановна Н.
ПолучательБИН_ИИН=800101411523
ПолучательИИК=KZ57722C000073286996
ПолучательБанкБИК=
ПолучательКБЕ=1
ПлательщикНаименование=ОСИ  "ЖК "Юнис Сити"
ПлательщикБИН_ИИН=181140004063
ПлательщикИИК=KZ79722S000001674774
ПлательщикБанкБИК=CASPKZKA
ПлательщикКБЕ=18
СуммаРасход=32500.00
ДатаОперации=01.06.2023
НазначениеПлатежа=Прочие безвозмездные переводы денег на карту Kaspi Gold *2418
КодНазначенияПлатежа=119
КонецДокумента
СекцияДокумент=выписка
НомерДокумента=373686
ДатаДокумента=01.06.2023
ВидДокумента=Платежное поручение
ПолучательНаименование=Жанпейіс Аймекенұлы Д.
ПолучательБИН_ИИН=720529301113
ПолучательИИК=KZ92722C000027244443
ПолучательБанкБИК=
ПолучательКБЕ=1
ПлательщикНаименование=ОСИ  "ЖК "Юнис Сити"
ПлательщикБИН_ИИН=181140004063
ПлательщикИИК=KZ79722S000001674774
ПлательщикБанкБИК=CASPKZKA
ПлательщикКБЕ=18
СуммаРасход=50000.00
ДатаОперации=01.06.2023
НазначениеПлатежа=Прочие безвозмездные переводы денег на карту Kaspi Gold *1219
КодНазначенияПлатежа=119
КонецДокумента
СекцияДокумент=выписка
НомерДокумента=373535
ДатаДокумента=01.06.2023
ВидДокумента=Платежное поручение
ПолучательНаименование=Абдужамил Айтжанович А.
ПолучательБИН_ИИН=670517399048
ПолучательИИК=KZ17722C000069995245
ПолучательБанкБИК=
ПолучательКБЕ=1
ПлательщикНаименование=ОСИ  "ЖК "Юнис Сити"
ПлательщикБИН_ИИН=181140004063
ПлательщикИИК=KZ79722S000001674774
ПлательщикБанкБИК=CASPKZKA
ПлательщикКБЕ=18
СуммаРасход=80000.00
ДатаОперации=01.06.2023
НазначениеПлатежа=Прочие безвозмездные переводы денег на карту Kaspi Gold *4070
КодНазначенияПлатежа=119
КонецДокумента
СекцияДокумент=выписка
НомерДокумента=359
ДатаДокумента=01.06.2023
ВидДокумента=Платежное поручение
ПолучательНаименование=ОСИ  "ЖК "Юнис Сити"
ПолучательБИН_ИИН=181140004063
ПолучательИИК=KZ79722S000001674774
ПолучательБанкБИК=CASPKZKA
ПолучательКБЕ=18
ПлательщикНаименование=ЗФОО Казах.отрас.профсоюз раб.
ПлательщикБИН_ИИН=951241001218
ПлательщикИИК=KZ186010121000350229
ПлательщикБанкБИК=HSBKKZKX
ПлательщикКБЕ=
СуммаПриход=159760.00
ДатаОперации=01.06.2023
НазначениеПлатежа=Перечисляется за аренду помещения спортивного клуба "Теміржолшы" за июнь 2023г. согласно счета на оплату №18 от 01 июня 2023г. Плате жи по лизингу (текущая аренда), (филиал получ. No CASPKZKA)
КодНазначенияПлатежа=855
КонецДокумента
СекцияДокумент=выписка
НомерДокумента=26
ДатаДокумента=01.06.2023
ВидДокумента=Платежное поручение
ПолучательНаименование=ОСИ  "ЖК "Юнис Сити"
ПолучательБИН_ИИН=181140004063
ПолучательИИК=KZ79722S000001674774
ПолучательБанкБИК=CASPKZKA
ПолучательКБЕ=18
ПлательщикНаименование=ТОО "SAGAT PHARM" (САГАТ ФАРМ)
ПлательщикБИН_ИИН=060840004507
ПлательщикИИК=KZ03722S000007283906
ПлательщикБанкБИК=
ПлательщикКБЕ=
СуммаПриход=101940.00
ДатаОперации=01.06.2023
НазначениеПлатежа=За профессиональные, научные и технические услуги. Возмездное пользование нежилым помещением за июнь 2023 г. согл сч. 20 от 01.06.23 г.
КодНазначенияПлатежа=859
КонецДокумента
СекцияДокумент=выписка
НомерДокумента=6
ДатаДокумента=01.06.2023
ВидДокумента=Платежное поручение
ПолучательНаименование=ОСИ  "ЖК "Юнис Сити"
ПолучательБИН_ИИН=181140004063
ПолучательИИК=KZ79722S000001674774
ПолучательБанкБИК=CASPKZKA
ПолучательКБЕ=18
ПлательщикНаименование=ИП ЖУБАНАЗАРОВ М.С.
ПлательщикБИН_ИИН=900817350175
ПлательщикИИК=KZ94722S000008075728
ПлательщикБанкБИК=
ПлательщикКБЕ=
СуммаПриход=20000.00
ДатаОперации=01.06.2023
НазначениеПлатежа=За профессиональные, научные и технические услуги. Аппарат воды.
КодНазначенияПлатежа=859
КонецДокумента
СекцияДокумент=выписка
НомерДокумента=241
ДатаДокумента=01.06.2023
ВидДокумента=Платежное поручение
ПолучательНаименование=ИП Наш Сантехник
ПолучательБИН_ИИН=870131301130
ПолучательИИК=KZ306017121000008126
ПолучательБанкБИК=HSBKKZKX
ПолучательКБЕ=1
ПлательщикНаименование=ОСИ  "ЖК "Юнис Сити"
ПлательщикБИН_ИИН=181140004063
ПлательщикИИК=KZ79722S000001674774
ПлательщикБанкБИК=CASPKZKA
ПлательщикКБЕ=18
СуммаРасход=7596.00
ДатаОперации=01.06.2023
НазначениеПлатежа=За товары. За сантехнические товары.
КодНазначенияПлатежа=710
КонецДокумента
СекцияДокумент=выписка
НомерДокумента=234498
ДатаДокумента=01.06.2023
ВидДокумента=Платежное поручение
ПолучательНаименование=Елубай Тастекович А.
ПолучательБИН_ИИН=580601301689
ПолучательИИК=KZ23722C000023271110
ПолучательБанкБИК=
ПолучательКБЕ=1
ПлательщикНаименование=ОСИ  "ЖК "Юнис Сити"
ПлательщикБИН_ИИН=181140004063
ПлательщикИИК=KZ79722S000001674774
ПлательщикБанкБИК=CASPKZKA
ПлательщикКБЕ=18
СуммаРасход=100000.00
ДатаОперации=01.06.2023
НазначениеПлатежа=Прочие безвозмездные переводы денег на карту Kaspi Gold *9578
КодНазначенияПлатежа=119
КонецДокумента
СекцияДокумент=выписка
НомерДокумента=72453
ДатаДокумента=01.06.2023
ВидДокумента=Платежный ордер
ПолучательНаименование=АО "KASPI BANK"
ПолучательБИН_ИИН=971240001315
ПолучательИИК=KZ08722S000003952739
ПолучательБанкБИК=
ПолучательКБЕ=1
ПлательщикНаименование=ОСИ  "ЖК "Юнис Сити"
ПлательщикБИН_ИИН=181140004063
ПлательщикИИК=KZ79722S000001674774
ПлательщикБанкБИК=CASPKZKA
ПлательщикКБЕ=18
СуммаРасход=2000.00
ДатаОперации=01.06.2023
НазначениеПлатежа=Погашение комиссии за ведение счета (абонентская плата) за май 2023 согласно тарифного плана "Kaspi Start", без НДС сч KZ79722S000001674774 ИИН/БИН 181140004063
КодНазначенияПлатежа=841
КонецДокумента
СекцияДокумент=выписка
НомерДокумента=25906
ДатаДокумента=01.06.2023
ВидДокумента=Платежный ордер
ПолучательНаименование=ОСИ  "ЖК "Юнис Сити"
ПолучательБИН_ИИН=181140004063
ПолучательИИК=KZ79722S000001674774
ПолучательБанкБИК=CASPKZKA
ПолучательКБЕ=18
ПлательщикНаименование=АО "KASPI BANK"
ПлательщикБИН_ИИН=971240001315
ПлательщикИИК=KZ07722S000008480717
ПлательщикБанкБИК=
ПлательщикКБЕ=
СуммаПриход=2162.49
ДатаОперации=01.06.2023
НазначениеПлатежа=Согласно ведомости распределения '2359591' от 31/05/2023Взнос на содержание общего имущества
КодНазначенияПлатежа=856
КонецДокумента
СекцияДокумент=выписка
НомерДокумента=25665
ДатаДокумента=01.06.2023
ВидДокумента=Платежный ордер
ПолучательНаименование=ОСИ  "ЖК "Юнис Сити"
ПолучательБИН_ИИН=181140004063
ПолучательИИК=KZ79722S000001674774
ПолучательБанкБИК=CASPKZKA
ПолучательКБЕ=18
ПлательщикНаименование=АО "KASPI BANK"
ПлательщикБИН_ИИН=971240001315
ПлательщикИИК=KZ07722S000008480717
ПлательщикБанкБИК=
ПлательщикКБЕ=
СуммаПриход=9594.14
ДатаОперации=01.06.2023
НазначениеПлатежа=Согласно ведомости распределения '2359591' от 31/05/2023Взнос на содержание общего имущества
КодНазначенияПлатежа=856
КонецДокумента
КонецФайла