1CClientBankExchange
ВерсияФормата=2.0
Отправитель=АО "Банк ЦентрКредит"
Получатель=1C Предприятие, Бухгалтерия для Казахстана
ДатаСоздания=01.11.2024
ВремяСоздания=18:11:22
ДатаНачала=01.10.2024
ДатаКонца=31.10.2024
РасчСчет=KZ698562203124676325
СекцияРасчСчет
ДатаНачала=01.10.2024
ДатаКонца=31.10.2024
РасчСчет=KZ698562203124676325
НачальныйОстаток=202742.8
ВсегоПоступило=236768.22
ВсегоСписано=419496.99
КонечныйОстаток=20014.03
КонецРасчСчет
СекцияДокумент="Выписка"
ВидДокумента=ПлатежноеПоручение
ДатаОперации=01.10.2024
СуммаРасход=160000
НомерДокумента=NT-475719
ДатаДокумента=01.10.2024
ПлательщикНаименование=Объединение собственников имущества "Дружба-13"
ПлательщикБИН_ИИН=220840049859
ПлательщикКБЕ=18
ПлательщикИИК=KZ698562203124676325
ПлательщикБанкНаименование=Акционерное Общество "Банк ЦентрКредит"
ПлательщикБанкБИК=KCJBKZKX
ПолучательНаименование=Филиал Акционерного Общества "Банк ЦентрКредит" в городе Актобе
ПолучательБИН_ИИН=901041000015
ПолучательКБЕ=18
ПолучательИИК=KZ298561005127073713
ПолучательБанкНаименование=АО "Банк ЦентрКредит"
ПолучательБанкБИК=KCJBKZKX
НазначениеПлатежа=Снятие наличных АТМ 00051289, 01.10.2024, ATB Abiyl.khana 19 OTD 0, KTOBEKZ, , Карта: 489988******6145
КодНазначенияПлатежа=341
ДатаВалютирования=01.10.2024
Сумма=160000
Валюта=KZT
КонецДокумента
СекцияДокумент="Выписка"
ВидДокумента=ПлатежноеПоручение
ДатаОперации=01.10.2024
СуммаПриход=10103.1
НомерДокумента=208529
ДатаДокумента=01.10.2024
ПлательщикНаименование=АО "KASPI BANK"
ПлательщикБИН_ИИН=971240001315
ПлательщикКБЕ=14
ПлательщикИИК=KZ42722S000036810877
ПлательщикБанкНаименование=АО "KASPI BANK"
ПлательщикБанкБИК=CASPKZKA
ПолучательНаименование=Объединение собственников имущества "Дружба-13"
ПолучательБИН_ИИН=220840049859
ПолучательКБЕ=18
ПолучательИИК=KZ698562203124676325
ПолучательБанкНаименование=Акционерное Общество "Банк ЦентрКредит"
ПолучательБанкБИК=KCJBKZKX
НазначениеПлатежа=Принятые платежи за 30.09.2024 ком. 96.90тг. (10200.00 - 0.00) Общая сумма платежей 10200.00
КодНазначенияПлатежа=112
ДатаВалютирования=01.10.2024
Сумма=10103.1
Валюта=KZT
КонецДокумента
СекцияДокумент="Выписка"
ВидДокумента=ПлатежноеПоручение
ДатаОперации=04.10.2024
СуммаПриход=1597.19
НомерДокумента=9476432
ДатаДокумента=04.10.2024
ПлательщикНаименование=АО "KASPI BANK"
ПлательщикБИН_ИИН=971240001315
ПлательщикКБЕ=14
ПлательщикИИК=KZ32722S000030354834
ПлательщикБанкНаименование=АО "KASPI BANK"
ПлательщикБанкБИК=CASPKZKA
ПолучательНаименование=Объединение собственников имущества "Дружба-13"
ПолучательБИН_ИИН=220840049859
ПолучательКБЕ=18
ПолучательИИК=KZ698562203124676325
ПолучательБанкНаименование=Акционерное Общество "Банк ЦентрКредит"
ПолучательБанкБИК=KCJBKZKX
НазначениеПлатежа=Принятые платежи за Взнос на содержание общего имущества #DT_2024-10-03#GP_1
КодНазначенияПлатежа=856
ДатаВалютирования=04.10.2024
Сумма=1597.19
Валюта=KZT
КонецДокумента
СекцияДокумент="Выписка"
ВидДокумента=ПлатежноеПоручение
ДатаОперации=05.10.2024
СуммаРасход=360
НомерДокумента=NT-305774
ДатаДокумента=05.10.2024
ПлательщикНаименование=Объединение собственников имущества "Дружба-13"
ПлательщикБИН_ИИН=220840049859
ПлательщикКБЕ=18
ПлательщикИИК=KZ698562203124676325
ПлательщикБанкНаименование=Акционерное Общество "Банк ЦентрКредит"
ПлательщикБанкБИК=KCJBKZKX
ПолучательНаименование=Акционерное Общество "Банк ЦентрКредит"
ПолучательБИН_ИИН=980640000093
ПолучательКБЕ=14
ПолучательИИК=KZ248562860132903774
ПолучательБанкНаименование=АО "Банк ЦентрКредит"
ПолучательБанкБИК=KCJBKZKX
НазначениеПлатежа=Retail. Номер устройства в ПЦ, 03.10.2024 10:13:59, KAZ, ALMATY, YANDEX.GO, Карта: 489988******6145
КодНазначенияПлатежа=710
ДатаВалютирования=05.10.2024
Сумма=360
Валюта=KZT
КонецДокумента
СекцияДокумент="Выписка"
ВидДокумента=ПлатежноеПоручение
ДатаОперации=06.10.2024
СуммаРасход=380
НомерДокумента=NT-275508
ДатаДокумента=06.10.2024
ПлательщикНаименование=Объединение собственников имущества "Дружба-13"
ПлательщикБИН_ИИН=220840049859
ПлательщикКБЕ=18
ПлательщикИИК=KZ698562203124676325
ПлательщикБанкНаименование=Акционерное Общество "Банк ЦентрКредит"
ПлательщикБанкБИК=KCJBKZKX
ПолучательНаименование=Акционерное Общество "Банк ЦентрКредит"
ПолучательБИН_ИИН=980640000093
ПолучательКБЕ=14
ПолучательИИК=KZ248562860132903774
ПолучательБанкНаименование=АО "Банк ЦентрКредит"
ПолучательБанкБИК=KCJBKZKX
НазначениеПлатежа=Retail. Номер устройства в ПЦ, 03.10.2024 10:49:59, KAZ, ALMATY, YANDEX.GO, Карта: 489988******6145
КодНазначенияПлатежа=710
ДатаВалютирования=06.10.2024
Сумма=380
Валюта=KZT
КонецДокумента
СекцияДокумент="Выписка"
ВидДокумента=ПлатежноеПоручение
ДатаОперации=07.10.2024
СуммаПриход=2071.77
НомерДокумента=12399271
ДатаДокумента=07.10.2024
ПлательщикНаименование=АО "KASPI BANK"
ПлательщикБИН_ИИН=971240001315
ПлательщикКБЕ=14
ПлательщикИИК=KZ32722S000030354834
ПлательщикБанкНаименование=АО "KASPI BANK"
ПлательщикБанкБИК=CASPKZKA
ПолучательНаименование=Объединение собственников имущества "Дружба-13"
ПолучательБИН_ИИН=220840049859
ПолучательКБЕ=18
ПолучательИИК=KZ698562203124676325
ПолучательБанкНаименование=Акционерное Общество "Банк ЦентрКредит"
ПолучательБанкБИК=KCJBKZKX
НазначениеПлатежа=Принятые платежи за Взнос на содержание общего имущества #DT_2024-10-04#GP_1
КодНазначенияПлатежа=856
ДатаВалютирования=07.10.2024
Сумма=2071.77
Валюта=KZT
КонецДокумента
СекцияДокумент="Выписка"
ВидДокумента=ПлатежноеПоручение
ДатаОперации=07.10.2024
СуммаПриход=17646.96
НомерДокумента=15007326
ДатаДокумента=07.10.2024
ПлательщикНаименование=АО "KASPI BANK"
ПлательщикБИН_ИИН=971240001315
ПлательщикКБЕ=14
ПлательщикИИК=KZ32722S000030354834
ПлательщикБанкНаименование=АО "KASPI BANK"
ПлательщикБанкБИК=CASPKZKA
ПолучательНаименование=Объединение собственников имущества "Дружба-13"
ПолучательБИН_ИИН=220840049859
ПолучательКБЕ=18
ПолучательИИК=KZ698562203124676325
ПолучательБанкНаименование=Акционерное Общество "Банк ЦентрКредит"
ПолучательБанкБИК=KCJBKZKX
НазначениеПлатежа=Принятые платежи за Взнос на содержание общего имущества #DT_2024-10-05#GP_1
КодНазначенияПлатежа=856
ДатаВалютирования=07.10.2024
Сумма=17646.96
Валюта=KZT
КонецДокумента
СекцияДокумент="Выписка"
ВидДокумента=ПлатежноеПоручение
ДатаОперации=07.10.2024
СуммаПриход=33109.68
НомерДокумента=17233529
ДатаДокумента=07.10.2024
ПлательщикНаименование=АО "KASPI BANK"
ПлательщикБИН_ИИН=971240001315
ПлательщикКБЕ=14
ПлательщикИИК=KZ32722S000030354834
ПлательщикБанкНаименование=АО "KASPI BANK"
ПлательщикБанкБИК=CASPKZKA
ПолучательНаименование=Объединение собственников имущества "Дружба-13"
ПолучательБИН_ИИН=220840049859
ПолучательКБЕ=18
ПолучательИИК=KZ698562203124676325
ПолучательБанкНаименование=Акционерное Общество "Банк ЦентрКредит"
ПолучательБанкБИК=KCJBKZKX
НазначениеПлатежа=Принятые платежи за Взнос на содержание общего имущества #DT_2024-10-06#GP_1
КодНазначенияПлатежа=856
ДатаВалютирования=07.10.2024
Сумма=33109.68
Валюта=KZT
КонецДокумента
СекцияДокумент="Выписка"
ВидДокумента=ПлатежноеПоручение
ДатаОперации=08.10.2024
СуммаРасход=300
НомерДокумента=B1-012471
ДатаДокумента=08.10.2024
ПлательщикНаименование=Объединение собственников имущества "Дружба-13"
ПлательщикБИН_ИИН=220840049859
ПлательщикКБЕ=18
ПлательщикИИК=KZ698562203124676325
ПлательщикБанкНаименование=Акционерное Общество "Банк ЦентрКредит"
ПлательщикБанкБИК=KCJBKZKX
ПолучательНаименование=Акционерное Общество "Банк ЦентрКредит"
ПолучательБИН_ИИН=901041000015
ПолучательКБЕ=14
ПолучательИИК=KZ408564601101315218
ПолучательБанкНаименование=АО "Банк ЦентрКредит"
ПолучательБанкБИК=KCJBKZKX
НазначениеПлатежа= WWW. Интернет-банкинг. ПС. Перевод с 00.01 до 13.00, поступление средств день в день,(при платеже по поручению клиентов путем прямого дебетования банковского счета тариф взимается в двойном размере). Расчетный документ № 85 от 08.10.24 на сумму 21
КодНазначенияПлатежа=841
ДатаВалютирования=08.10.2024
Сумма=300
Валюта=KZT
КонецДокумента
СекцияДокумент="Выписка"
ВидДокумента=ПлатежноеПоручение
ДатаОперации=08.10.2024
СуммаРасход=564
НомерДокумента=86
ДатаДокумента=08.10.2024
ПлательщикНаименование=Объединение собственников имущества "Дружба-13"
ПлательщикБИН_ИИН=220840049859
ПлательщикКБЕ=18
ПлательщикИИК=KZ698562203124676325
ПлательщикБанкНаименование=Акционерное Общество "Банк ЦентрКредит"
ПлательщикБанкБИК=KCJBKZKX
ПолучательНаименование=РГУ "УГД по городу Актобе ДГД по Актюбинской области КГД МФ РК"
ПолучательБИН_ИИН=940740000595
ПолучательКБЕ=11
ПолучательИИК=KZ24070105KSN0000000
ПолучательБанкНаименование=ГУ "Комитет казначейства Министерства финансов РК"
ПолучательБанкБИК=KKMFKZ2A
НазначениеПлатежа=Оплата индивидуального подоходного налога за сентябрь 2024 года Начисленные (исчисленные) и иные обязательства в бюджет Индивидуальный подоходный налог с доходов, облагаемых у источника выплаты
КодНазначенияПлатежа=911
КодБюджетнойКлассификации=101201
ДатаВалютирования=08.10.2024
Сумма=564
Валюта=KZT
КонецДокумента
СекцияДокумент="Выписка"
ВидДокумента=ПлатежноеПоручение
ДатаОперации=08.10.2024
СуммаРасход=1275
НомерДокумента=92
ДатаДокумента=08.10.2024
ПлательщикНаименование=Объединение собственников имущества "Дружба-13"
ПлательщикБИН_ИИН=220840049859
ПлательщикКБЕ=18
ПлательщикИИК=KZ698562203124676325
ПлательщикБанкНаименование=Акционерное Общество "Банк ЦентрКредит"
ПлательщикБанкБИК=KCJBKZKX
ПолучательНаименование=НАО "Государственная корпорация "Правительство для граждан"
ПолучательБИН_ИИН=160440007161
ПолучательКБЕ=11
ПолучательИИК=KZ12009NPS0413609816
ПолучательБанкНаименование=НАО "Государственная корпорация "Правительство для граждан"
ПолучательБанкБИК=GCVPKZ2A
НазначениеПлатежа=Без НДС Обязательные пенсионные взносы работодателя
КодНазначенияПлатежа=089
ДатаВалютирования=08.10.2024
Сумма=1275
Валюта=KZT
КонецДокумента
СекцияДокумент="Выписка"
ВидДокумента=ПлатежноеПоручение
ДатаОперации=08.10.2024
СуммаРасход=1700
НомерДокумента=88
ДатаДокумента=08.10.2024
ПлательщикНаименование=Объединение собственников имущества "Дружба-13"
ПлательщикБИН_ИИН=220840049859
ПлательщикКБЕ=18
ПлательщикИИК=KZ698562203124676325
ПлательщикБанкНаименование=Акционерное Общество "Банк ЦентрКредит"
ПлательщикБанкБИК=KCJBKZKX
ПолучательНаименование=НАО "Государственная корпорация "Правительство для граждан"
ПолучательБИН_ИИН=160440007161
ПолучательКБЕ=11
ПолучательИИК=KZ92009MEDS368609103
ПолучательБанкНаименование=НАО "Государственная корпорация "Правительство для граждан"
ПолучательБанкБИК=GCVPKZ2A
НазначениеПлатежа=Взносы на обязательное социальное медицинское страхование за сентябрь 2024 г Отчисления на обязательное социальное медицинское страхование
КодНазначенияПлатежа=121
ДатаВалютирования=08.10.2024
Сумма=1700
Валюта=KZT
КонецДокумента
СекцияДокумент="Выписка"
ВидДокумента=ПлатежноеПоручение
ДатаОперации=08.10.2024
СуммаРасход=2550
НомерДокумента=87
ДатаДокумента=08.10.2024
ПлательщикНаименование=Объединение собственников имущества "Дружба-13"
ПлательщикБИН_ИИН=220840049859
ПлательщикКБЕ=18
ПлательщикИИК=KZ698562203124676325
ПлательщикБанкНаименование=Акционерное Общество "Банк ЦентрКредит"
ПлательщикБанкБИК=KCJBKZKX
ПолучательНаименование=НАО "Государственная корпорация "Правительство для граждан"
ПолучательБИН_ИИН=160440007161
ПолучательКБЕ=11
ПолучательИИК=KZ92009MEDS368609103
ПолучательБанкНаименование=НАО "Государственная корпорация "Правительство для граждан"
ПолучательБанкБИК=GCVPKZ2A
НазначениеПлатежа=Отчисление на обязательное медицинское страхование за сентябрь 2024 г Взносы на обязательное социальное медицинское страхование
КодНазначенияПлатежа=122
ДатаВалютирования=08.10.2024
Сумма=2550
Валюта=KZT
КонецДокумента
СекцияДокумент="Выписка"
ВидДокумента=ПлатежноеПоручение
ДатаОперации=08.10.2024
СуммаРасход=2975
НомерДокумента=90
ДатаДокумента=08.10.2024
ПлательщикНаименование=Объединение собственников имущества "Дружба-13"
ПлательщикБИН_ИИН=220840049859
ПлательщикКБЕ=18
ПлательщикИИК=KZ698562203124676325
ПлательщикБанкНаименование=Акционерное Общество "Банк ЦентрКредит"
ПлательщикБанкБИК=KCJBKZKX
ПолучательНаименование=НАО "Государственная корпорация "Правительство для граждан"
ПолучательБИН_ИИН=160440007161
ПолучательКБЕ=11
ПолучательИИК=KZ67009SS00368609110
ПолучательБанкНаименование=НАО "Государственная корпорация "Правительство для граждан"
ПолучательБанкБИК=GCVPKZ2A
НазначениеПлатежа=Социальные отчисления за сентябрь 2024 г Социальные отчисления
КодНазначенияПлатежа=012
ДатаВалютирования=08.10.2024
Сумма=2975
Валюта=KZT
КонецДокумента
СекцияДокумент="Выписка"
ВидДокумента=ПлатежноеПоручение
ДатаОперации=08.10.2024
СуммаРасход=6000
НомерДокумента=93
ДатаДокумента=08.10.2024
ПлательщикНаименование=Объединение собственников имущества "Дружба-13"
ПлательщикБИН_ИИН=220840049859
ПлательщикКБЕ=18
ПлательщикИИК=KZ698562203124676325
ПлательщикБанкНаименование=Акционерное Общество "Банк ЦентрКредит"
ПлательщикБанкБИК=KCJBKZKX
ПолучательНаименование=АО "Aqtobe su-energy group"
ПолучательБИН_ИИН=931240000052
ПолучательКБЕ=16
ПолучательИИК=KZ378562203116715432
ПолучательБанкНаименование=АО "Банк ЦентрКредит"
ПолучательБанкБИК=KCJBKZKX
НазначениеПлатежа=Без НДС Платежи за профессиональные, научные и технические услуги
КодНазначенияПлатежа=859
ДатаВалютирования=08.10.2024
Сумма=6000
Валюта=KZT
КонецДокумента
СекцияДокумент="Выписка"
ВидДокумента=ПлатежноеПоручение
ДатаОперации=08.10.2024
СуммаРасход=8500
НомерДокумента=89
ДатаДокумента=08.10.2024
ПлательщикНаименование=Объединение собственников имущества "Дружба-13"
ПлательщикБИН_ИИН=220840049859
ПлательщикКБЕ=18
ПлательщикИИК=KZ698562203124676325
ПлательщикБанкНаименование=Акционерное Общество "Банк ЦентрКредит"
ПлательщикБанкБИК=KCJBKZKX
ПолучательНаименование=НАО "Государственная корпорация "Правительство для граждан"
ПолучательБИН_ИИН=160440007161
ПолучательКБЕ=11
ПолучательИИК=KZ12009NPS0413609816
ПолучательБанкНаименование=НАО "Государственная корпорация "Правительство для граждан"
ПолучательБанкБИК=GCVPKZ2A
НазначениеПлатежа=Обязательные пенсионные взносы за сентябрь 2024 г Обязательные пенсионные взносы
КодНазначенияПлатежа=010
ДатаВалютирования=08.10.2024
Сумма=8500
Валюта=KZT
КонецДокумента
СекцияДокумент="Выписка"
ВидДокумента=ПлатежноеПоручение
ДатаОперации=08.10.2024
СуммаРасход=17116
НомерДокумента=91
ДатаДокумента=08.10.2024
ПлательщикНаименование=Объединение собственников имущества "Дружба-13"
ПлательщикБИН_ИИН=220840049859
ПлательщикКБЕ=18
ПлательщикИИК=KZ698562203124676325
ПлательщикБанкНаименование=Акционерное Общество "Банк ЦентрКредит"
ПлательщикБанкБИК=KCJBKZKX
ПолучательНаименование=РГУ "УГД по городу Актобе ДГД по Актюбинской области КГД МФ РК"
ПолучательБИН_ИИН=940740000595
ПолучательКБЕ=11
ПолучательИИК=KZ24070105KSN0000000
ПолучательБанкНаименование=ГУ "Комитет казначейства Министерства финансов РК"
ПолучательБанкБИК=KKMFKZ2A
НазначениеПлатежа=Оплата соцналога за сентябрь 2024 года Начисленные (исчисленные) и иные обязательства в бюджет Социальный налог
КодНазначенияПлатежа=911
КодБюджетнойКлассификации=103101
ДатаВалютирования=08.10.2024
Сумма=17116
Валюта=KZT
КонецДокумента
СекцияДокумент="Выписка"
ВидДокумента=ПлатежноеПоручение
ДатаОперации=08.10.2024
СуммаРасход=21964.99
НомерДокумента=85
ДатаДокумента=08.10.2024
ПлательщикНаименование=Объединение собственников имущества "Дружба-13"
ПлательщикБИН_ИИН=220840049859
ПлательщикКБЕ=18
ПлательщикИИК=KZ698562203124676325
ПлательщикБанкНаименование=Акционерное Общество "Банк ЦентрКредит"
ПлательщикБанкБИК=KCJBKZKX
ПолучательНаименование=ТОО АКТОБЕЭНЕРГОСНАБ
ПолучательБИН_ИИН=040940005515
ПолучательКБЕ=15
ПолучательИИК=KZ3696515F0007894737
ПолучательБанкНаименование=АО "ForteBank"
ПолучательБанкБИК=IRTYKZKA
НазначениеПлатежа=Оплата за электроэнергию согласно договора 29131 от 29.10.22г. Платежи за товары, за исключением недвижимости и товаров с кодами назначения платежей 711, 712 и 713,
КодНазначенияПлатежа=710
ДатаВалютирования=08.10.2024
Сумма=21964.99
Валюта=KZT
КонецДокумента
СекцияДокумент="Выписка"
ВидДокумента=ПлатежноеПоручение
ДатаОперации=08.10.2024
СуммаПриход=7993.5
НомерДокумента=20070316
ДатаДокумента=08.10.2024
ПлательщикНаименование=АО "KASPI BANK"
ПлательщикБИН_ИИН=971240001315
ПлательщикКБЕ=14
ПлательщикИИК=KZ32722S000030354834
ПлательщикБанкНаименование=АО "KASPI BANK"
ПлательщикБанкБИК=CASPKZKA
ПолучательНаименование=Объединение собственников имущества "Дружба-13"
ПолучательБИН_ИИН=220840049859
ПолучательКБЕ=18
ПолучательИИК=KZ698562203124676325
ПолучательБанкНаименование=Акционерное Общество "Банк ЦентрКредит"
ПолучательБанкБИК=KCJBKZKX
НазначениеПлатежа=Принятые платежи за Взнос на содержание общего имущества #DT_2024-10-07#GP_1
КодНазначенияПлатежа=856
ДатаВалютирования=08.10.2024
Сумма=7993.5
Валюта=KZT
КонецДокумента
СекцияДокумент="Выписка"
ВидДокумента=ПлатежноеПоручение
ДатаОперации=09.10.2024
СуммаПриход=15277.05
НомерДокумента=22915012
ДатаДокумента=09.10.2024
ПлательщикНаименование=АО "KASPI BANK"
ПлательщикБИН_ИИН=971240001315
ПлательщикКБЕ=14
ПлательщикИИК=KZ32722S000030354834
ПлательщикБанкНаименование=АО "KASPI BANK"
ПлательщикБанкБИК=CASPKZKA
ПолучательНаименование=Объединение собственников имущества "Дружба-13"
ПолучательБИН_ИИН=220840049859
ПолучательКБЕ=18
ПолучательИИК=KZ698562203124676325
ПолучательБанкНаименование=Акционерное Общество "Банк ЦентрКредит"
ПолучательБанкБИК=KCJBKZKX
НазначениеПлатежа=Принятые платежи за Взнос на содержание общего имущества #DT_2024-10-08#GP_1
КодНазначенияПлатежа=856
ДатаВалютирования=09.10.2024
Сумма=15277.05
Валюта=KZT
КонецДокумента
СекцияДокумент="Выписка"
ВидДокумента=ПлатежноеПоручение
ДатаОперации=10.10.2024
СуммаПриход=14103.75
НомерДокумента=25866491
ДатаДокумента=10.10.2024
ПлательщикНаименование=АО "KASPI BANK"
ПлательщикБИН_ИИН=971240001315
ПлательщикКБЕ=14
ПлательщикИИК=KZ32722S000030354834
ПлательщикБанкНаименование=АО "KASPI BANK"
ПлательщикБанкБИК=CASPKZKA
ПолучательНаименование=Объединение собственников имущества "Дружба-13"
ПолучательБИН_ИИН=220840049859
ПолучательКБЕ=18
ПолучательИИК=KZ698562203124676325
ПолучательБанкНаименование=Акционерное Общество "Банк ЦентрКредит"
ПолучательБанкБИК=KCJBKZKX
НазначениеПлатежа=Принятые платежи за Взнос на содержание общего имущества #DT_2024-10-09#GP_1
КодНазначенияПлатежа=856
ДатаВалютирования=10.10.2024
Сумма=14103.75
Валюта=KZT
КонецДокумента
СекцияДокумент="Выписка"
ВидДокумента=ПлатежноеПоручение
ДатаОперации=11.10.2024
СуммаПриход=1604.17
НомерДокумента=111020243
ДатаДокумента=11.10.2024
ПлательщикНаименование=АО "Народный Банк Казахстана"
ПлательщикБИН_ИИН=961141000023
ПлательщикКБЕ=14
ПлательщикИИК=KZ11601A121004889121
ПлательщикБанкНаименование=Акционерное общество "Народный Банк Казахстана"
ПлательщикБанкБИК=HSBKKZKX
ПолучательНаименование=Объединение собственников имущества "Дружба-13"
ПолучательБИН_ИИН=220840049859
ПолучательКБЕ=18
ПолучательИИК=KZ698562203124676325
ПолучательБанкНаименование=Акционерное Общество "Банк ЦентрКредит"
ПолучательБанкБИК=KCJBKZKX
НазначениеПлатежа=Взнос на содержание общего имущества #DT_2024-10-10#GP_1
КодНазначенияПлатежа=856
ДатаВалютирования=11.10.2024
Сумма=1604.17
Валюта=KZT
КонецДокумента
СекцияДокумент="Выписка"
ВидДокумента=ПлатежноеПоручение
ДатаОперации=11.10.2024
СуммаПриход=15047.81
НомерДокумента=28775051
ДатаДокумента=11.10.2024
ПлательщикНаименование=АО "KASPI BANK"
ПлательщикБИН_ИИН=971240001315
ПлательщикКБЕ=14
ПлательщикИИК=KZ32722S000030354834
ПлательщикБанкНаименование=АО "KASPI BANK"
ПлательщикБанкБИК=CASPKZKA
ПолучательНаименование=Объединение собственников имущества "Дружба-13"
ПолучательБИН_ИИН=220840049859
ПолучательКБЕ=18
ПолучательИИК=KZ698562203124676325
ПолучательБанкНаименование=Акционерное Общество "Банк ЦентрКредит"
ПолучательБанкБИК=KCJBKZKX
НазначениеПлатежа=Принятые платежи за Взнос на содержание общего имущества #DT_2024-10-10#GP_1
КодНазначенияПлатежа=856
ДатаВалютирования=11.10.2024
Сумма=15047.81
Валюта=KZT
КонецДокумента
СекцияДокумент="Выписка"
ВидДокумента=ПлатежноеПоручение
ДатаОперации=14.10.2024
СуммаПриход=1594.21
НомерДокумента=36542383
ДатаДокумента=14.10.2024
ПлательщикНаименование=АО "KASPI BANK"
ПлательщикБИН_ИИН=971240001315
ПлательщикКБЕ=14
ПлательщикИИК=KZ32722S000030354834
ПлательщикБанкНаименование=АО "KASPI BANK"
ПлательщикБанкБИК=CASPKZKA
ПолучательНаименование=Объединение собственников имущества "Дружба-13"
ПолучательБИН_ИИН=220840049859
ПолучательКБЕ=18
ПолучательИИК=KZ698562203124676325
ПолучательБанкНаименование=Акционерное Общество "Банк ЦентрКредит"
ПолучательБанкБИК=KCJBKZKX
НазначениеПлатежа=Принятые платежи за Взнос на содержание общего имущества #DT_2024-10-13#GP_1
КодНазначенияПлатежа=856
ДатаВалютирования=14.10.2024
Сумма=1594.21
Валюта=KZT
КонецДокумента
СекцияДокумент="Выписка"
ВидДокумента=ПлатежноеПоручение
ДатаОперации=14.10.2024
СуммаПриход=1597.19
НомерДокумента=34210555
ДатаДокумента=14.10.2024
ПлательщикНаименование=АО "KASPI BANK"
ПлательщикБИН_ИИН=971240001315
ПлательщикКБЕ=14
ПлательщикИИК=KZ32722S000030354834
ПлательщикБанкНаименование=АО "KASPI BANK"
ПлательщикБанкБИК=CASPKZKA
ПолучательНаименование=Объединение собственников имущества "Дружба-13"
ПолучательБИН_ИИН=220840049859
ПолучательКБЕ=18
ПолучательИИК=KZ698562203124676325
ПолучательБанкНаименование=Акционерное Общество "Банк ЦентрКредит"
ПолучательБанкБИК=KCJBKZKX
НазначениеПлатежа=Принятые платежи за Взнос на содержание общего имущества #DT_2024-10-12#GP_1
КодНазначенияПлатежа=856
ДатаВалютирования=14.10.2024
Сумма=1597.19
Валюта=KZT
КонецДокумента
СекцияДокумент="Выписка"
ВидДокумента=ПлатежноеПоручение
ДатаОперации=14.10.2024
СуммаПриход=1597.19
НомерДокумента=141020241
ДатаДокумента=14.10.2024
ПлательщикНаименование=АО "Народный Банк Казахстана"
ПлательщикБИН_ИИН=961141000023
ПлательщикКБЕ=14
ПлательщикИИК=KZ11601A121004889121
ПлательщикБанкНаименование=Акционерное общество "Народный Банк Казахстана"
ПлательщикБанкБИК=HSBKKZKX
ПолучательНаименование=Объединение собственников имущества "Дружба-13"
ПолучательБИН_ИИН=220840049859
ПолучательКБЕ=18
ПолучательИИК=KZ698562203124676325
ПолучательБанкНаименование=Акционерное Общество "Банк ЦентрКредит"
ПолучательБанкБИК=KCJBKZKX
НазначениеПлатежа=Взнос на содержание общего имущества #DT_2024-10-12#GP_1
КодНазначенияПлатежа=856
ДатаВалютирования=14.10.2024
Сумма=1597.19
Валюта=KZT
КонецДокумента
СекцияДокумент="Выписка"
ВидДокумента=ПлатежноеПоручение
ДатаОперации=14.10.2024
СуммаПриход=23810.24
НомерДокумента=31736795
ДатаДокумента=14.10.2024
ПлательщикНаименование=АО "KASPI BANK"
ПлательщикБИН_ИИН=971240001315
ПлательщикКБЕ=14
ПлательщикИИК=KZ32722S000030354834
ПлательщикБанкНаименование=АО "KASPI BANK"
ПлательщикБанкБИК=CASPKZKA
ПолучательНаименование=Объединение собственников имущества "Дружба-13"
ПолучательБИН_ИИН=220840049859
ПолучательКБЕ=18
ПолучательИИК=KZ698562203124676325
ПолучательБанкНаименование=Акционерное Общество "Банк ЦентрКредит"
ПолучательБанкБИК=KCJBKZKX
НазначениеПлатежа=Принятые платежи за Взнос на содержание общего имущества #DT_2024-10-11#GP_1
КодНазначенияПлатежа=856
ДатаВалютирования=14.10.2024
Сумма=23810.24
Валюта=KZT
КонецДокумента
СекцияДокумент="Выписка"
ВидДокумента=ПлатежноеПоручение
ДатаОперации=15.10.2024
СуммаПриход=9606.25
НомерДокумента=39247008
ДатаДокумента=15.10.2024
ПлательщикНаименование=АО "KASPI BANK"
ПлательщикБИН_ИИН=971240001315
ПлательщикКБЕ=14
ПлательщикИИК=KZ32722S000030354834
ПлательщикБанкНаименование=АО "KASPI BANK"
ПлательщикБанкБИК=CASPKZKA
ПолучательНаименование=Объединение собственников имущества "Дружба-13"
ПолучательБИН_ИИН=220840049859
ПолучательКБЕ=18
ПолучательИИК=KZ698562203124676325
ПолучательБанкНаименование=Акционерное Общество "Банк ЦентрКредит"
ПолучательБанкБИК=KCJBKZKX
НазначениеПлатежа=Принятые платежи за Взнос на содержание общего имущества #DT_2024-10-14#GP_1
КодНазначенияПлатежа=856
ДатаВалютирования=15.10.2024
Сумма=9606.25
Валюта=KZT
КонецДокумента
СекцияДокумент="Выписка"
ВидДокумента=ПлатежноеПоручение
ДатаОперации=16.10.2024
СуммаПриход=10077.74
НомерДокумента=42168616
ДатаДокумента=16.10.2024
ПлательщикНаименование=АО "KASPI BANK"
ПлательщикБИН_ИИН=971240001315
ПлательщикКБЕ=14
ПлательщикИИК=KZ32722S000030354834
ПлательщикБанкНаименование=АО "KASPI BANK"
ПлательщикБанкБИК=CASPKZKA
ПолучательНаименование=Объединение собственников имущества "Дружба-13"
ПолучательБИН_ИИН=220840049859
ПолучательКБЕ=18
ПолучательИИК=KZ698562203124676325
ПолучательБанкНаименование=Акционерное Общество "Банк ЦентрКредит"
ПолучательБанкБИК=KCJBKZKX
НазначениеПлатежа=Принятые платежи за Взнос на содержание общего имущества #DT_2024-10-15#GP_1
КодНазначенияПлатежа=856
ДатаВалютирования=16.10.2024
Сумма=10077.74
Валюта=KZT
КонецДокумента
СекцияДокумент="Выписка"
ВидДокумента=ПлатежноеПоручение
ДатаОперации=17.10.2024
СуммаПриход=4160.48
НомерДокумента=44967438
ДатаДокумента=17.10.2024
ПлательщикНаименование=АО "KASPI BANK"
ПлательщикБИН_ИИН=971240001315
ПлательщикКБЕ=14
ПлательщикИИК=KZ32722S000030354834
ПлательщикБанкНаименование=АО "KASPI BANK"
ПлательщикБанкБИК=CASPKZKA
ПолучательНаименование=Объединение собственников имущества "Дружба-13"
ПолучательБИН_ИИН=220840049859
ПолучательКБЕ=18
ПолучательИИК=KZ698562203124676325
ПолучательБанкНаименование=Акционерное Общество "Банк ЦентрКредит"
ПолучательБанкБИК=KCJBKZKX
НазначениеПлатежа=Принятые платежи за Взнос на содержание общего имущества #DT_2024-10-16#GP_1
КодНазначенияПлатежа=856
ДатаВалютирования=17.10.2024
Сумма=4160.48
Валюта=KZT
КонецДокумента
СекцияДокумент="Выписка"
ВидДокумента=ПлатежноеПоручение
ДатаОперации=18.10.2024
СуммаПриход=9313.82
НомерДокумента=47877829
ДатаДокумента=18.10.2024
ПлательщикНаименование=АО "KASPI BANK"
ПлательщикБИН_ИИН=971240001315
ПлательщикКБЕ=14
ПлательщикИИК=KZ32722S000030354834
ПлательщикБанкНаименование=АО "KASPI BANK"
ПлательщикБанкБИК=CASPKZKA
ПолучательНаименование=Объединение собственников имущества "Дружба-13"
ПолучательБИН_ИИН=220840049859
ПолучательКБЕ=18
ПолучательИИК=KZ698562203124676325
ПолучательБанкНаименование=Акционерное Общество "Банк ЦентрКредит"
ПолучательБанкБИК=KCJBKZKX
НазначениеПлатежа=Принятые платежи за Взнос на содержание общего имущества #DT_2024-10-17#GP_1
КодНазначенияПлатежа=856
ДатаВалютирования=18.10.2024
Сумма=9313.82
Валюта=KZT
КонецДокумента
СекцияДокумент="Выписка"
ВидДокумента=ПлатежноеПоручение
ДатаОперации=21.10.2024
СуммаПриход=3681.92
НомерДокумента=53312178
ДатаДокумента=21.10.2024
ПлательщикНаименование=АО "KASPI BANK"
ПлательщикБИН_ИИН=971240001315
ПлательщикКБЕ=14
ПлательщикИИК=KZ32722S000030354834
ПлательщикБанкНаименование=АО "KASPI BANK"
ПлательщикБанкБИК=CASPKZKA
ПолучательНаименование=Объединение собственников имущества "Дружба-13"
ПолучательБИН_ИИН=220840049859
ПолучательКБЕ=18
ПолучательИИК=KZ698562203124676325
ПолучательБанкНаименование=Акционерное Общество "Банк ЦентрКредит"
ПолучательБанкБИК=KCJBKZKX
НазначениеПлатежа=Принятые платежи за Взнос на содержание общего имущества #DT_2024-10-19#GP_1
КодНазначенияПлатежа=856
ДатаВалютирования=21.10.2024
Сумма=3681.92
Валюта=KZT
КонецДокумента
СекцияДокумент="Выписка"
ВидДокумента=ПлатежноеПоручение
ДатаОперации=21.10.2024
СуммаПриход=10616.32
НомерДокумента=50735306
ДатаДокумента=21.10.2024
ПлательщикНаименование=АО "KASPI BANK"
ПлательщикБИН_ИИН=971240001315
ПлательщикКБЕ=14
ПлательщикИИК=KZ32722S000030354834
ПлательщикБанкНаименование=АО "KASPI BANK"
ПлательщикБанкБИК=CASPKZKA
ПолучательНаименование=Объединение собственников имущества "Дружба-13"
ПолучательБИН_ИИН=220840049859
ПолучательКБЕ=18
ПолучательИИК=KZ698562203124676325
ПолучательБанкНаименование=Акционерное Общество "Банк ЦентрКредит"
ПолучательБанкБИК=KCJBKZKX
НазначениеПлатежа=Принятые платежи за Взнос на содержание общего имущества #DT_2024-10-18#GP_1
КодНазначенияПлатежа=856
ДатаВалютирования=21.10.2024
Сумма=10616.32
Валюта=KZT
КонецДокумента
СекцияДокумент="Выписка"
ВидДокумента=ПлатежноеПоручение
ДатаОперации=21.10.2024
СуммаПриход=13728.94
НомерДокумента=55574715
ДатаДокумента=21.10.2024
ПлательщикНаименование=АО "KASPI BANK"
ПлательщикБИН_ИИН=971240001315
ПлательщикКБЕ=14
ПлательщикИИК=KZ32722S000030354834
ПлательщикБанкНаименование=АО "KASPI BANK"
ПлательщикБанкБИК=CASPKZKA
ПолучательНаименование=Объединение собственников имущества "Дружба-13"
ПолучательБИН_ИИН=220840049859
ПолучательКБЕ=18
ПолучательИИК=KZ698562203124676325
ПолучательБанкНаименование=Акционерное Общество "Банк ЦентрКредит"
ПолучательБанкБИК=KCJBKZKX
НазначениеПлатежа=Принятые платежи за Взнос на содержание общего имущества #DT_2024-10-20#GP_1
КодНазначенияПлатежа=856
ДатаВалютирования=21.10.2024
Сумма=13728.94
Валюта=KZT
КонецДокумента
СекцияДокумент="Выписка"
ВидДокумента=ПлатежноеПоручение
ДатаОперации=22.10.2024
СуммаПриход=3681.92
НомерДокумента=58440901
ДатаДокумента=22.10.2024
ПлательщикНаименование=АО "KASPI BANK"
ПлательщикБИН_ИИН=971240001315
ПлательщикКБЕ=14
ПлательщикИИК=KZ32722S000030354834
ПлательщикБанкНаименование=АО "KASPI BANK"
ПлательщикБанкБИК=CASPKZKA
ПолучательНаименование=Объединение собственников имущества "Дружба-13"
ПолучательБИН_ИИН=220840049859
ПолучательКБЕ=18
ПолучательИИК=KZ698562203124676325
ПолучательБанкНаименование=Акционерное Общество "Банк ЦентрКредит"
ПолучательБанкБИК=KCJBKZKX
НазначениеПлатежа=Принятые платежи за Взнос на содержание общего имущества #DT_2024-10-21#GP_1
КодНазначенияПлатежа=856
ДатаВалютирования=22.10.2024
Сумма=3681.92
Валюта=KZT
КонецДокумента
СекцияДокумент="Выписка"
ВидДокумента=ПлатежноеПоручение
ДатаОперации=24.10.2024
СуммаПриход=7374.28
НомерДокумента=64245326
ДатаДокумента=24.10.2024
ПлательщикНаименование=АО "KASPI BANK"
ПлательщикБИН_ИИН=971240001315
ПлательщикКБЕ=14
ПлательщикИИК=KZ32722S000030354834
ПлательщикБанкНаименование=АО "KASPI BANK"
ПлательщикБанкБИК=CASPKZKA
ПолучательНаименование=Объединение собственников имущества "Дружба-13"
ПолучательБИН_ИИН=220840049859
ПолучательКБЕ=18
ПолучательИИК=KZ698562203124676325
ПолучательБанкНаименование=Акционерное Общество "Банк ЦентрКредит"
ПолучательБанкБИК=KCJBKZKX
НазначениеПлатежа=Принятые платежи за Взнос на содержание общего имущества #DT_2024-10-23#GP_1
КодНазначенияПлатежа=856
ДатаВалютирования=24.10.2024
Сумма=7374.28
Валюта=KZT
КонецДокумента
СекцияДокумент="Выписка"
ВидДокумента=ПлатежноеПоручение
ДатаОперации=27.10.2024
СуммаРасход=220
НомерДокумента=NT-295448
ДатаДокумента=27.10.2024
ПлательщикНаименование=Объединение собственников имущества "Дружба-13"
ПлательщикБИН_ИИН=220840049859
ПлательщикКБЕ=18
ПлательщикИИК=KZ698562203124676325
ПлательщикБанкНаименование=Акционерное Общество "Банк ЦентрКредит"
ПлательщикБанкБИК=KCJBKZKX
ПолучательНаименование=Акционерное Общество "Банк ЦентрКредит"
ПолучательБИН_ИИН=980640000093
ПолучательКБЕ=14
ПолучательИИК=KZ408560000000274850
ПолучательБанкНаименование=АО "Банк ЦентрКредит"
ПолучательБанкБИК=KCJBKZKX
НазначениеПлатежа=Retail. Номер устройства в ПЦ, 24.10.2024 00:00:00, KAZ, AKTOBE, GOPS 7, Карта: 489988******6145
КодНазначенияПлатежа=710
ДатаВалютирования=27.10.2024
Сумма=220
Валюта=KZT
КонецДокумента
СекцияДокумент="Выписка"
ВидДокумента=ПлатежноеПоручение
ДатаОперации=27.10.2024
СуммаРасход=1700
НомерДокумента=NT-366981
ДатаДокумента=27.10.2024
ПлательщикНаименование=Объединение собственников имущества "Дружба-13"
ПлательщикБИН_ИИН=220840049859
ПлательщикКБЕ=18
ПлательщикИИК=KZ698562203124676325
ПлательщикБанкНаименование=Акционерное Общество "Банк ЦентрКредит"
ПлательщикБанкБИК=KCJBKZKX
ПолучательНаименование=Акционерное Общество "Банк ЦентрКредит"
ПолучательБИН_ИИН=980640000093
ПолучательКБЕ=14
ПолучательИИК=KZ408560000000274850
ПолучательБанкНаименование=АО "Банк ЦентрКредит"
ПолучательБанкБИК=KCJBKZKX
НазначениеПлатежа=Retail. Номер устройства в ПЦ, 24.10.2024 00:00:00, KAZ, AKTOBE, AIKO KENCE SHOP, Карта: 489988******6145
КодНазначенияПлатежа=710
ДатаВалютирования=27.10.2024
Сумма=1700
Валюта=KZT
КонецДокумента
СекцияДокумент="Выписка"
ВидДокумента=ПлатежноеПоручение
ДатаОперации=28.10.2024
СуммаРасход=1960
НомерДокумента=NT-139870
ДатаДокумента=28.10.2024
ПлательщикНаименование=Объединение собственников имущества "Дружба-13"
ПлательщикБИН_ИИН=220840049859
ПлательщикКБЕ=18
ПлательщикИИК=KZ698562203124676325
ПлательщикБанкНаименование=Акционерное Общество "Банк ЦентрКредит"
ПлательщикБанкБИК=KCJBKZKX
ПолучательНаименование=Акционерное Общество "Банк ЦентрКредит"
ПолучательБИН_ИИН=980640000093
ПолучательКБЕ=14
ПолучательИИК=KZ478560000000175008
ПолучательБанкНаименование=АО "Банк ЦентрКредит"
ПолучательБанкБИК=KCJBKZKX
НазначениеПлатежа=Retail. 40532133, 27.10.2024 15:22:41, KAZ, AKTOBE, IP BOKEEV, Карта: 489988******6145
КодНазначенияПлатежа=710
ДатаВалютирования=28.10.2024
Сумма=1960
Валюта=KZT
КонецДокумента
СекцияДокумент="Выписка"
ВидДокумента=ПлатежноеПоручение
ДатаОперации=28.10.2024
СуммаРасход=12718
НомерДокумента=NT-139350
ДатаДокумента=28.10.2024
ПлательщикНаименование=Объединение собственников имущества "Дружба-13"
ПлательщикБИН_ИИН=220840049859
ПлательщикКБЕ=18
ПлательщикИИК=KZ698562203124676325
ПлательщикБанкНаименование=Акционерное Общество "Банк ЦентрКредит"
ПлательщикБанкБИК=KCJBKZKX
ПолучательНаименование=Акционерное Общество "Банк ЦентрКредит"
ПолучательБИН_ИИН=980640000093
ПолучательКБЕ=14
ПолучательИИК=KZ478560000000175008
ПолучательБанкНаименование=АО "Банк ЦентрКредит"
ПолучательБанкБИК=KCJBKZKX
НазначениеПлатежа=Retail. 40532133, 27.10.2024 15:10:03, KAZ, AKTOBE, IP BOKEEV, Карта: 489988******6145
КодНазначенияПлатежа=710
ДатаВалютирования=28.10.2024
Сумма=12718
Валюта=KZT
КонецДокумента
СекцияДокумент="Выписка"
ВидДокумента=ПлатежноеПоручение
ДатаОперации=28.10.2024
СуммаРасход=14214
НомерДокумента=NT-139234
ДатаДокумента=28.10.2024
ПлательщикНаименование=Объединение собственников имущества "Дружба-13"
ПлательщикБИН_ИИН=220840049859
ПлательщикКБЕ=18
ПлательщикИИК=KZ698562203124676325
ПлательщикБанкНаименование=Акционерное Общество "Банк ЦентрКредит"
ПлательщикБанкБИК=KCJBKZKX
ПолучательНаименование=Акционерное Общество "Банк ЦентрКредит"
ПолучательБИН_ИИН=980640000093
ПолучательКБЕ=14
ПолучательИИК=KZ478560000000175008
ПолучательБанкНаименование=АО "Банк ЦентрКредит"
ПолучательБанкБИК=KCJBKZKX
НазначениеПлатежа=Retail. 40532133, 27.10.2024 15:05:51, KAZ, AKTOBE, IP BOKEEV, Карта: 489988******6145
КодНазначенияПлатежа=710
ДатаВалютирования=28.10.2024
Сумма=14214
Валюта=KZT
КонецДокумента
СекцияДокумент="Выписка"
ВидДокумента=ПлатежноеПоручение
ДатаОперации=28.10.2024
СуммаПриход=1594.21
НомерДокумента=67263698
ДатаДокумента=28.10.2024
ПлательщикНаименование=АО "KASPI BANK"
ПлательщикБИН_ИИН=971240001315
ПлательщикКБЕ=14
ПлательщикИИК=KZ32722S000030354834
ПлательщикБанкНаименование=АО "KASPI BANK"
ПлательщикБанкБИК=CASPKZKA
ПолучательНаименование=Объединение собственников имущества "Дружба-13"
ПолучательБИН_ИИН=220840049859
ПолучательКБЕ=18
ПолучательИИК=KZ698562203124676325
ПолучательБанкНаименование=Акционерное Общество "Банк ЦентрКредит"
ПолучательБанкБИК=KCJBKZKX
НазначениеПлатежа=Принятые платежи за Взнос на содержание общего имущества #DT_2024-10-24#GP_1
КодНазначенияПлатежа=856
ДатаВалютирования=28.10.2024
Сумма=1594.21
Валюта=KZT
КонецДокумента
СекцияДокумент="Выписка"
ВидДокумента=ПлатежноеПоручение
ДатаОперации=28.10.2024
СуммаПриход=2100.68
НомерДокумента=72356506
ДатаДокумента=28.10.2024
ПлательщикНаименование=АО "KASPI BANK"
ПлательщикБИН_ИИН=971240001315
ПлательщикКБЕ=14
ПлательщикИИК=KZ32722S000030354834
ПлательщикБанкНаименование=АО "KASPI BANK"
ПлательщикБанкБИК=CASPKZKA
ПолучательНаименование=Объединение собственников имущества "Дружба-13"
ПолучательБИН_ИИН=220840049859
ПолучательКБЕ=18
ПолучательИИК=KZ698562203124676325
ПолучательБанкНаименование=Акционерное Общество "Банк ЦентрКредит"
ПолучательБанкБИК=KCJBKZKX
НазначениеПлатежа=Принятые платежи за Взнос на содержание общего имущества #DT_2024-10-26#GP_1
КодНазначенияПлатежа=856
ДатаВалютирования=28.10.2024
Сумма=2100.68
Валюта=KZT
КонецДокумента
СекцияДокумент="Выписка"
ВидДокумента=ПлатежноеПоручение
ДатаОперации=28.10.2024
СуммаПриход=9970
НомерДокумента=74566288
ДатаДокумента=28.10.2024
ПлательщикНаименование=АО "KASPI BANK"
ПлательщикБИН_ИИН=971240001315
ПлательщикКБЕ=14
ПлательщикИИК=KZ32722S000030354834
ПлательщикБанкНаименование=АО "KASPI BANK"
ПлательщикБанкБИК=CASPKZKA
ПолучательНаименование=Объединение собственников имущества "Дружба-13"
ПолучательБИН_ИИН=220840049859
ПолучательКБЕ=18
ПолучательИИК=KZ698562203124676325
ПолучательБанкНаименование=Акционерное Общество "Банк ЦентрКредит"
ПолучательБанкБИК=KCJBKZKX
НазначениеПлатежа=Принятые платежи за Дополнительные услуги #DT_2024-10-27#GP_7
КодНазначенияПлатежа=856
ДатаВалютирования=28.10.2024
Сумма=9970
Валюта=KZT
КонецДокумента
СекцияДокумент="Выписка"
ВидДокумента=ПлатежноеПоручение
ДатаОперации=29.10.2024
СуммаПриход=3707.85
НомерДокумента=77261072
ДатаДокумента=29.10.2024
ПлательщикНаименование=АО "KASPI BANK"
ПлательщикБИН_ИИН=971240001315
ПлательщикКБЕ=14
ПлательщикИИК=KZ32722S000030354834
ПлательщикБанкНаименование=АО "KASPI BANK"
ПлательщикБанкБИК=CASPKZKA
ПолучательНаименование=Объединение собственников имущества "Дружба-13"
ПолучательБИН_ИИН=220840049859
ПолучательКБЕ=18
ПолучательИИК=KZ698562203124676325
ПолучательБанкНаименование=Акционерное Общество "Банк ЦентрКредит"
ПолучательБанкБИК=KCJBKZKX
НазначениеПлатежа=Принятые платежи за Взнос на содержание общего имущества #DT_2024-10-28#GP_1
КодНазначенияПлатежа=856
ДатаВалютирования=29.10.2024
Сумма=3707.85
Валюта=KZT
КонецДокумента
СекцияДокумент="Выписка"
ВидДокумента=ПлатежноеПоручение
ДатаОперации=31.10.2024
СуммаРасход=165000
НомерДокумента=NT-230019
ДатаДокумента=31.10.2024
ПлательщикНаименование=Объединение собственников имущества "Дружба-13"
ПлательщикБИН_ИИН=220840049859
ПлательщикКБЕ=18
ПлательщикИИК=KZ698562203124676325
ПлательщикБанкНаименование=Акционерное Общество "Банк ЦентрКредит"
ПлательщикБанкБИК=KCJBKZKX
ПолучательНаименование=Филиал Акционерного Общества "Банк ЦентрКредит" в городе Актобе
ПолучательБИН_ИИН=901041000015
ПолучательКБЕ=18
ПолучательИИК=KZ298561005127073713
ПолучательБанкНаименование=АО "Банк ЦентрКредит"
ПолучательБанкБИК=KCJBKZKX
НазначениеПлатежа=Снятие наличных АТМ 00051289, 31.10.2024, ATB Abiyl.khana 19 OTD 0, KTOBEKZ, , Карта: 489988******6145
КодНазначенияПлатежа=341
ДатаВалютирования=31.10.2024
Сумма=165000
Валюта=KZT
КонецДокумента
КонецФайла