1CClientBankExchange
ВерсияФормата=2.0
Отправитель=АО "Банк ЦентрКредит"
Получатель=1C Предприятие, Бухгалтерия для Казахстана
ДатаСоздания=01.11.2024
ВремяСоздания=18:11:53
ДатаНачала=01.11.2024
ДатаКонца=01.11.2024
РасчСчет=KZ818562203127775453
СекцияРасчСчет
ДатаНачала=01.11.2024
ДатаКонца=01.11.2024
РасчСчет=KZ818562203127775453
НачальныйОстаток=136135.77
ВсегоПоступило=21326.3
ВсегоСписано=157462.07
КонечныйОстаток=0
КонецРасчСчет
СекцияДокумент="Выписка"
ВидДокумента=ПлатежноеПоручение
ДатаОперации=01.11.2024
СуммаРасход=157462.07
НомерДокумента=94
ДатаДокумента=01.11.2024
ПлательщикНаименование=Объединение собственников имущества "Дружба-13"
ПлательщикБИН_ИИН=220840049859
ПлательщикКБЕ=18
ПлательщикИИК=KZ818562203127775453
ПлательщикБанкНаименование=Акционерное Общество "Банк ЦентрКредит"
ПлательщикБанкБИК=KCJBKZKX
ПолучательНаименование=ОСИ "Дружба-13"
ПолучательБИН_ИИН=220840049859
ПолучательКБЕ=18
ПолучательИИК=KZ188562219140895681
ПолучательБанкНаименование=АО "Банк ЦентрКредит"
ПолучательБанкБИК=KCJBKZKX
НазначениеПлатежа=Размещение вкладов Без НДС Размещение условных вкладов
КодНазначенияПлатежа=319
ДатаВалютирования=01.11.2024
Сумма=157462.07
Валюта=KZT
КонецДокумента
СекцияДокумент="Выписка"
ВидДокумента=ПлатежноеПоручение
ДатаОперации=01.11.2024
СуммаПриход=6146.96
НомерДокумента=199256
ДатаДокумента=01.11.2024
ПлательщикНаименование=АО "KASPI BANK"
ПлательщикБИН_ИИН=971240001315
ПлательщикКБЕ=14
ПлательщикИИК=KZ32722S000030354834
ПлательщикБанкНаименование=АО "KASPI BANK"
ПлательщикБанкБИК=CASPKZKA
ПолучательНаименование=Объединение собственников имущества "Дружба-13"
ПолучательБИН_ИИН=220840049859
ПолучательКБЕ=18
ПолучательИИК=KZ818562203127775453
ПолучательБанкНаименование=Акционерное Общество "Банк ЦентрКредит"
ПолучательБанкБИК=KCJBKZKX
НазначениеПлатежа=Принятые платежи за Взнос на капитальный ремонт здания #DT_2024-10-31#GP_2
КодНазначенияПлатежа=856
ДатаВалютирования=01.11.2024
Сумма=6146.96
Валюта=KZT
КонецДокумента
СекцияДокумент="Выписка"
ВидДокумента=ПлатежноеПоручение
ДатаОперации=01.11.2024
СуммаПриход=15179.34
НомерДокумента=NT-182384
ДатаДокумента=01.11.2024
ПлательщикНаименование=Объединение собственников имущества "Дружба-13"
ПлательщикБИН_ИИН=220840049859
ПлательщикКБЕ=18
ПлательщикИИК=KZ658562719140895683
ПлательщикБанкНаименование=АО "Банк ЦентрКредит"
ПлательщикБанкБИК=KCJBKZKX
ПолучательНаименование=Объединение собственников имущества "Дружба-13"
ПолучательБИН_ИИН=220840049859
ПолучательКБЕ=18
ПолучательИИК=KZ818562203127775453
ПолучательБанкНаименование=Акционерное Общество "Банк ЦентрКредит"
ПолучательБанкБИК=KCJBKZKX
НазначениеПлатежа=Выплата вознаграждения по депозиту
КодНазначенияПлатежа=318
ДатаВалютирования=01.11.2024
Сумма=15179.34
Валюта=KZT
КонецДокумента
КонецФайла