1CClientBankExchange
Кодировка=windows-1251
ВерсияФормата=2.00
ДатаНачала=01.01.2024
ДатаКонца=31.01.2024
РасчСчет=KZ72998LTB0001497589
СЕКЦИЯРАСЧСЧЕТ
ДатаНачала=01.01.2024
ДатаКонца=31.01.2024
РасчСчет=KZ72998LTB0001497589
НачальныйОстаток=1020312.05
ВсегоПоступило=406219.14
ВсегоСписано=110860
КонечныйОстаток=1315671.19
КОНЕЦРАСЧСЧЕТ
СЕКЦИЯДОКУМЕНТ=Выписка
НомерДокумента=95022
ДатаДокумента=03.01.2024
ВидДокумента=ПлатежноеПоручение
СуммаПриход=7745.7
ПолучательНаименование="Объединение собственников имущества многоквартирного жилого дома улица Лихарева, 7"
ПолучательБИН_ИИН=220640014948
ПолучательИИК=KZ72998LTB0001497589
ПлательщикНаименование=АО "KASPI BANK"
ПлательщикБИН_ИИН=971240001315
ПлательщикИИК=KZ81722S000001159377
ДатаОперации=03.01.2024
НазначениеПлатежа=Принятые платежи за 29.12.2023 ком. 74.30 тг. (7820.00 - 0.00 ) Общая сумма платежей 7820.00
ПлательщикБанкБИК=TSESKZKA
КонецДокумента
СЕКЦИЯДОКУМЕНТ=Выписка
НомерДокумента=1821677
ДатаДокумента=03.01.2024
ВидДокумента=ПлатежноеПоручение
СуммаПриход=2803.11
ПолучательНаименование="Объединение собственников имущества многоквартирного жилого дома улица Лихарева, 7"
ПолучательБИН_ИИН=220640014948
ПолучательИИК=KZ72998LTB0001497589
ПлательщикНаименование=АО "KASPI BANK"
ПлательщикБИН_ИИН=971240001315
ПлательщикИИК=KZ81722S000001159377
ДатаОперации=03.01.2024
НазначениеПлатежа=Принятые платежи за 02.01.2024 ком. 26.89 тг. (2830.00 - 0.00 ) Общая сумма платежей 2830.00
ПлательщикБанкБИК=TSESKZKA
КонецДокумента
СЕКЦИЯДОКУМЕНТ=Выписка
НомерДокумента=87366
ДатаДокумента=03.01.2024
ВидДокумента=ПлатежноеПоручение
СуммаПриход=11291.7
ПолучательНаименование="Объединение собственников имущества многоквартирного жилого дома улица Лихарева, 7"
ПолучательБИН_ИИН=220640014948
ПолучательИИК=KZ72998LTB0001497589
ПлательщикНаименование=АО "KASPI BANK"
ПлательщикБИН_ИИН=971240001315
ПлательщикИИК=KZ81722S000001159377
ДатаОперации=03.01.2024
НазначениеПлатежа=Принятые платежи за 01.01.2024 ком. 108.30 тг. (11400.00 - 0. 00) Общая сумма платежей 11400.00
ПлательщикБанкБИК=TSESKZKA
КонецДокумента
СЕКЦИЯДОКУМЕНТ=Выписка
НомерДокумента=00-022956
ДатаДокумента=03.01.2024
ВидДокумента=ПлатежноеПоручение
СуммаПриход=1687.2
ПолучательНаименование="Объединение собственников имущества многоквартирного жилого дома улица Лихарева, 7"
ПолучательБИН_ИИН=220640014948
ПолучательИИК=KZ72998LTB0001497589
ПлательщикНаименование="Объединение собственников имущества многоквартирного жилого дома улица Лихарева, 7"
ПлательщикБИН_ИИН=220640014948
ПлательщикИИК=KZ58998LWF0001946799
ДатаОперации=03.01.2024
НазначениеПлатежа=Выплата вознаграждения по договору № 900\002659-22 от 14.06.2022. Клиент: "Объединение собственников имущества многоквартирного жилого дома улица Лихарева, 7"
ПлательщикБанкБИК=TSESKZKA
КонецДокумента
СЕКЦИЯДОКУМЕНТ=Выписка
НомерДокумента=00-054848
ДатаДокумента=04.01.2024
ВидДокумента=ПлатежноеПоручение
СуммаРасход=1000
ПолучательНаименование=АО "Jusan Bank"
ПолучательБИН_ИИН=050141000631
ПолучательИИК=KZ55998LW40000021746
ПлательщикНаименование="Объединение собственников имущества многоквартирного жилого дома улица Лихарева, 7"
ПлательщикБИН_ИИН=220640014948
ПлательщикИИК=KZ72998LTB0001497589
ДатаОперации=04.01.2024
НазначениеПлатежа=Подключение Доп Пакета: Бесплатные платежи - 5
ПлательщикБанкБИК=TSESKZKA
КонецДокумента
СЕКЦИЯДОКУМЕНТ=Выписка
НомерДокумента=1
ДатаДокумента=04.01.2024
ВидДокумента=ПлатежноеПоручение
СуммаРасход=2000
ПолучательНаименование=АО "Kaspi Bank"
ПолучательБИН_ИИН=971240001315
ПолучательИИК=KZ52722S000001292013
ПлательщикНаименование="Объединение собственников имущества многоквартирного жилого дома улица Лихарева, 7"
ПлательщикБИН_ИИН=220640014948
ПлательщикИИК=KZ72998LTB0001497589
ДатаОперации=04.01.2024
НазначениеПлатежа=Оплата по счетам № 1 и 2 от 31.12.2023 г.. Платежи за финансовые услуги, за исключением платежей с кодами назначения платежей 842 и 843.
ПлательщикБанкБИК=TSESKZKA
КонецДокумента
СЕКЦИЯДОКУМЕНТ=Выписка
НомерДокумента=5717885
ДатаДокумента=05.01.2024
ВидДокумента=ПлатежноеПоручение
СуммаПриход=21319.84
ПолучательНаименование="Объединение собственников имущества многоквартирного жилого дома улица Лихарева, 7"
ПолучательБИН_ИИН=220640014948
ПолучательИИК=KZ72998LTB0001497589
ПлательщикНаименование=АО "KASPI BANK"
ПлательщикБИН_ИИН=971240001315
ПлательщикИИК=KZ32722S000030354834
ДатаОперации=05.01.2024
НазначениеПлатежа=Принятые платежи за Взнос на содержание общего имущества #DT_2 024-01-04 #GP_1
ПлательщикБанкБИК=TSESKZKA
КонецДокумента
СЕКЦИЯДОКУМЕНТ=Выписка
НомерДокумента=7749654
ДатаДокумента=08.01.2024
ВидДокумента=ПлатежноеПоручение
СуммаПриход=58462.09
ПолучательНаименование="Объединение собственников имущества многоквартирного жилого дома улица Лихарева, 7"
ПолучательБИН_ИИН=220640014948
ПолучательИИК=KZ72998LTB0001497589
ПлательщикНаименование=АО "KASPI BANK"
ПлательщикБИН_ИИН=971240001315
ПлательщикИИК=KZ32722S000030354834
ДатаОперации=08.01.2024
НазначениеПлатежа=Принятые платежи за Взнос на содержание общего имущества #DT_2 024-01-05 #GP_1
ПлательщикБанкБИК=TSESKZKA
КонецДокумента
СЕКЦИЯДОКУМЕНТ=Выписка
НомерДокумента=9489798
ДатаДокумента=08.01.2024
ВидДокумента=ПлатежноеПоручение
СуммаПриход=14897.17
ПолучательНаименование="Объединение собственников имущества многоквартирного жилого дома улица Лихарева, 7"
ПолучательБИН_ИИН=220640014948
ПолучательИИК=KZ72998LTB0001497589
ПлательщикНаименование=АО "KASPI BANK"
ПлательщикБИН_ИИН=971240001315
ПлательщикИИК=KZ32722S000030354834
ДатаОперации=08.01.2024
НазначениеПлатежа=Принятые платежи за Взнос на содержание общего имущества #DT_2 024-01-06 #GP_1
ПлательщикБанкБИК=TSESKZKA
КонецДокумента
СЕКЦИЯДОКУМЕНТ=Выписка
НомерДокумента=11072872
ДатаДокумента=08.01.2024
ВидДокумента=ПлатежноеПоручение
СуммаПриход=15491.37
ПолучательНаименование="Объединение собственников имущества многоквартирного жилого дома улица Лихарева, 7"
ПолучательБИН_ИИН=220640014948
ПолучательИИК=KZ72998LTB0001497589
ПлательщикНаименование=АО "KASPI BANK"
ПлательщикБИН_ИИН=971240001315
ПлательщикИИК=KZ32722S000030354834
ДатаОперации=08.01.2024
НазначениеПлатежа=Принятые платежи за Взнос на содержание общего имущества #DT_2 024-01-07 #GP_1
ПлательщикБанкБИК=TSESKZKA
КонецДокумента
СЕКЦИЯДОКУМЕНТ=Выписка
НомерДокумента=13018244
ДатаДокумента=09.01.2024
ВидДокумента=ПлатежноеПоручение
СуммаПриход=19157.35
ПолучательНаименование="Объединение собственников имущества многоквартирного жилого дома улица Лихарева, 7"
ПолучательБИН_ИИН=220640014948
ПолучательИИК=KZ72998LTB0001497589
ПлательщикНаименование=АО "KASPI BANK"
ПлательщикБИН_ИИН=971240001315
ПлательщикИИК=KZ32722S000030354834
ДатаОперации=09.01.2024
НазначениеПлатежа=Принятые платежи за Взнос на содержание общего имущества #DT_2 024-01-08 #GP_1
ПлательщикБанкБИК=TSESKZKA
КонецДокумента
СЕКЦИЯДОКУМЕНТ=Выписка
НомерДокумента=15071975
ДатаДокумента=10.01.2024
ВидДокумента=ПлатежноеПоручение
СуммаПриход=29848.2
ПолучательНаименование="Объединение собственников имущества многоквартирного жилого дома улица Лихарева, 7"
ПолучательБИН_ИИН=220640014948
ПолучательИИК=KZ72998LTB0001497589
ПлательщикНаименование=АО "KASPI BANK"
ПлательщикБИН_ИИН=971240001315
ПлательщикИИК=KZ32722S000030354834
ДатаОперации=10.01.2024
НазначениеПлатежа=Принятые платежи за Взнос на содержание общего имущества #DT_2 024-01-09 #GP_1
ПлательщикБанкБИК=TSESKZKA
КонецДокумента
СЕКЦИЯДОКУМЕНТ=Выписка
НомерДокумента=2
ДатаДокумента=11.01.2024
ВидДокумента=ПлатежноеПоручение
СуммаРасход=24000
ПолучательНаименование=Мананбаева Кабира Сейткереевна
ПолучательБИН_ИИН=480318401765
ПолучательИИК=KZ31722C000043859701
ПлательщикНаименование="Объединение собственников имущества многоквартирного жилого дома улица Лихарева, 7"
ПлательщикБИН_ИИН=220640014948
ПлательщикИИК=KZ72998LTB0001497589
ДатаОперации=11.01.2024
НазначениеПлатежа=Консультационные услуги. Платежи за профессиональные, научные и технические услуги.
ПлательщикБанкБИК=TSESKZKA
КонецДокумента
СЕКЦИЯДОКУМЕНТ=Выписка
НомерДокумента=17183310
ДатаДокумента=11.01.2024
ВидДокумента=ПлатежноеПоручение
СуммаПриход=9841.39
ПолучательНаименование="Объединение собственников имущества многоквартирного жилого дома улица Лихарева, 7"
ПолучательБИН_ИИН=220640014948
ПолучательИИК=KZ72998LTB0001497589
ПлательщикНаименование=АО "KASPI BANK"
ПлательщикБИН_ИИН=971240001315
ПлательщикИИК=KZ32722S000030354834
ДатаОперации=11.01.2024
НазначениеПлатежа=Принятые платежи за Взнос на содержание общего имущества #DT_2 024-01-10 #GP_1
ПлательщикБанкБИК=TSESKZKA
КонецДокумента
СЕКЦИЯДОКУМЕНТ=Выписка
НомерДокумента=19315573
ДатаДокумента=12.01.2024
ВидДокумента=ПлатежноеПоручение
СуммаПриход=9421.65
ПолучательНаименование="Объединение собственников имущества многоквартирного жилого дома улица Лихарева, 7"
ПолучательБИН_ИИН=220640014948
ПолучательИИК=KZ72998LTB0001497589
ПлательщикНаименование=АО "KASPI BANK"
ПлательщикБИН_ИИН=971240001315
ПлательщикИИК=KZ32722S000030354834
ДатаОперации=12.01.2024
НазначениеПлатежа=Принятые платежи за Взнос на содержание общего имущества #DT_2 024-01-11 #GP_1
ПлательщикБанкБИК=TSESKZKA
КонецДокумента
СЕКЦИЯДОКУМЕНТ=Выписка
НомерДокумента=25016879
ДатаДокумента=15.01.2024
ВидДокумента=ПлатежноеПоручение
СуммаПриход=9872.29
ПолучательНаименование="Объединение собственников имущества многоквартирного жилого дома улица Лихарева, 7"
ПолучательБИН_ИИН=220640014948
ПолучательИИК=KZ72998LTB0001497589
ПлательщикНаименование=АО "KASPI BANK"
ПлательщикБИН_ИИН=971240001315
ПлательщикИИК=KZ32722S000030354834
ДатаОперации=15.01.2024
НазначениеПлатежа=Принятые платежи за Взнос на содержание общего имущества #DT_2 024-01-14 #GP_1
ПлательщикБанкБИК=TSESKZKA
КонецДокумента
СЕКЦИЯДОКУМЕНТ=Выписка
НомерДокумента=23354938
ДатаДокумента=15.01.2024
ВидДокумента=ПлатежноеПоручение
СуммаПриход=4198.37
ПолучательНаименование="Объединение собственников имущества многоквартирного жилого дома улица Лихарева, 7"
ПолучательБИН_ИИН=220640014948
ПолучательИИК=KZ72998LTB0001497589
ПлательщикНаименование=АО "KASPI BANK"
ПлательщикБИН_ИИН=971240001315
ПлательщикИИК=KZ32722S000030354834
ДатаОперации=15.01.2024
НазначениеПлатежа=Принятые платежи за Взнос на содержание общего имущества #DT_2 024-01-13 #GP_1
ПлательщикБанкБИК=TSESKZKA
КонецДокумента
СЕКЦИЯДОКУМЕНТ=Выписка
НомерДокумента=21462646
ДатаДокумента=15.01.2024
ВидДокумента=ПлатежноеПоручение
СуммаПриход=9673.89
ПолучательНаименование="Объединение собственников имущества многоквартирного жилого дома улица Лихарева, 7"
ПолучательБИН_ИИН=220640014948
ПолучательИИК=KZ72998LTB0001497589
ПлательщикНаименование=АО "KASPI BANK"
ПлательщикБИН_ИИН=971240001315
ПлательщикИИК=KZ32722S000030354834
ДатаОперации=15.01.2024
НазначениеПлатежа=Принятые платежи за Взнос на содержание общего имущества #DT_2 024-01-12 #GP_1
ПлательщикБанкБИК=TSESKZKA
КонецДокумента
СЕКЦИЯДОКУМЕНТ=Выписка
НомерДокумента=27120853
ДатаДокумента=16.01.2024
ВидДокумента=ПлатежноеПоручение
СуммаПриход=6187.38
ПолучательНаименование="Объединение собственников имущества многоквартирного жилого дома улица Лихарева, 7"
ПолучательБИН_ИИН=220640014948
ПолучательИИК=KZ72998LTB0001497589
ПлательщикНаименование=АО "KASPI BANK"
ПлательщикБИН_ИИН=971240001315
ПлательщикИИК=KZ32722S000030354834
ДатаОперации=16.01.2024
НазначениеПлатежа=Принятые платежи за Взнос на содержание общего имущества #DT_2 024-01-15 #GP_1
ПлательщикБанкБИК=TSESKZKA
КонецДокумента
СЕКЦИЯДОКУМЕНТ=Выписка
НомерДокумента=29269921
ДатаДокумента=17.01.2024
ВидДокумента=ПлатежноеПоручение
СуммаПриход=14499.37
ПолучательНаименование="Объединение собственников имущества многоквартирного жилого дома улица Лихарева, 7"
ПолучательБИН_ИИН=220640014948
ПолучательИИК=KZ72998LTB0001497589
ПлательщикНаименование=АО "KASPI BANK"
ПлательщикБИН_ИИН=971240001315
ПлательщикИИК=KZ32722S000030354834
ДатаОперации=17.01.2024
НазначениеПлатежа=Принятые платежи за Взнос на содержание общего имущества #DT_2 024-01-16 #GP_1
ПлательщикБанкБИК=TSESKZKA
КонецДокумента
СЕКЦИЯДОКУМЕНТ=Выписка
НомерДокумента=31391750
ДатаДокумента=18.01.2024
ВидДокумента=ПлатежноеПоручение
СуммаПриход=2759.69
ПолучательНаименование="Объединение собственников имущества многоквартирного жилого дома улица Лихарева, 7"
ПолучательБИН_ИИН=220640014948
ПолучательИИК=KZ72998LTB0001497589
ПлательщикНаименование=АО "KASPI BANK"
ПлательщикБИН_ИИН=971240001315
ПлательщикИИК=KZ32722S000030354834
ДатаОперации=18.01.2024
НазначениеПлатежа=Принятые платежи за Взнос на содержание общего имущества #DT_2 024-01-17 #GP_1
ПлательщикБанкБИК=TSESKZKA
КонецДокумента
СЕКЦИЯДОКУМЕНТ=Выписка
НомерДокумента=00-047545
ДатаДокумента=19.01.2024
ВидДокумента=ПлатежноеПоручение
СуммаРасход=1000
ПолучательНаименование=АО "Jusan Bank"
ПолучательБИН_ИИН=050141000631
ПолучательИИК=KZ55998LW40000021746
ПлательщикНаименование="Объединение собственников имущества многоквартирного жилого дома улица Лихарева, 7"
ПлательщикБИН_ИИН=220640014948
ПлательщикИИК=KZ72998LTB0001497589
ДатаОперации=19.01.2024
НазначениеПлатежа=Подключение Собери свой пакет (Основной Пакет). Бесплатные платежи - 5, Лимит на пополнение/снятие - 0, Скидка в РУБ - Не Подключён, Скидка в Валюте (кроме РУБ) - Не Подключён.
ПлательщикБанкБИК=TSESKZKA
КонецДокумента
СЕКЦИЯДОКУМЕНТ=Выписка
НомерДокумента=33552542
ДатаДокумента=19.01.2024
ВидДокумента=ПлатежноеПоручение
СуммаПриход=5359.87
ПолучательНаименование="Объединение собственников имущества многоквартирного жилого дома улица Лихарева, 7"
ПолучательБИН_ИИН=220640014948
ПолучательИИК=KZ72998LTB0001497589
ПлательщикНаименование=АО "KASPI BANK"
ПлательщикБИН_ИИН=971240001315
ПлательщикИИК=KZ32722S000030354834
ДатаОперации=19.01.2024
НазначениеПлатежа=Принятые платежи за Взнос на содержание общего имущества #DT_2 024-01-18 #GP_1
ПлательщикБанкБИК=TSESKZKA
КонецДокумента
СЕКЦИЯДОКУМЕНТ=Выписка
НомерДокумента=4
ДатаДокумента=22.01.2024
ВидДокумента=ПлатежноеПоручение
СуммаРасход=884
ПолучательНаименование=НАО "Государственная корпорация «Правительство для граждан"
ПолучательБИН_ИИН=160440007161
ПолучательИИК=KZ92009MEDS368609103
ПлательщикНаименование="Объединение собственников имущества многоквартирного жилого дома улица Лихарева, 7"
ПлательщикБИН_ИИН=220640014948
ПлательщикИИК=KZ72998LTB0001497589
ДатаОперации=22.01.2024
НазначениеПлатежа=Взносы ОСМС в НАО "Гос. корпорация для граждан" согласно прилагаемого списка. НДС не облагается. Взносы за обязательное медицинское страхование.. Взносы на обязательное социальное медицинское страхование.
ПлательщикБанкБИК=TSESKZKA
КонецДокумента
СЕКЦИЯДОКУМЕНТ=Выписка
НомерДокумента=6
ДатаДокумента=22.01.2024
ВидДокумента=ПлатежноеПоручение
СуммаРасход=4420
ПолучательНаименование=НАО "Государственная корпорация «Правительство для граждан"
ПолучательБИН_ИИН=160440007161
ПолучательИИК=KZ12009NPS0413609816
ПлательщикНаименование="Объединение собственников имущества многоквартирного жилого дома улица Лихарева, 7"
ПлательщикБИН_ИИН=220640014948
ПлательщикИИК=KZ72998LTB0001497589
ДатаОперации=22.01.2024
НазначениеПлатежа=10% обязательные пенсионные взносы за период декабрь 2023 г согласно прилагаемого списка. НДС не облагается. Обязательные пенсионные взносы. Обязательные пенсионные взносы.
ПлательщикБанкБИК=TSESKZKA
КонецДокумента
СЕКЦИЯДОКУМЕНТ=Выписка
НомерДокумента=7
ДатаДокумента=22.01.2024
ВидДокумента=ПлатежноеПоручение
СуммаРасход=36000
ПолучательНаименование=ИП "Тазалы?"
ПолучательБИН_ИИН=790120402177
ПолучательИИК=KZ738562204128358436
ПлательщикНаименование="Объединение собственников имущества многоквартирного жилого дома улица Лихарева, 7"
ПлательщикБИН_ИИН=220640014948
ПлательщикИИК=KZ72998LTB0001497589
ДатаОперации=22.01.2024
НазначениеПлатежа=Оплата по договору №9 от 02 января 2024 г. Январь.. Платежи за профессиональные, научные и технические услуги.
ПлательщикБанкБИК=TSESKZKA
КонецДокумента
СЕКЦИЯДОКУМЕНТ=Выписка
НомерДокумента=3
ДатаДокумента=22.01.2024
ВидДокумента=ПлатежноеПоручение
СуммаРасход=35000
ПолучательНаименование=Пономарева Оксана Николаевна
ПолучательБИН_ИИН=691102401836
ПолучательИИК=KZ03722C000017096741
ПлательщикНаименование="Объединение собственников имущества многоквартирного жилого дома улица Лихарева, 7"
ПлательщикБИН_ИИН=220640014948
ПлательщикИИК=KZ72998LTB0001497589
ДатаОперации=22.01.2024
НазначениеПлатежа=вынос возле 6 подъезда. Платежи за профессиональные, научные и технические услуги.
ПлательщикБанкБИК=TSESKZKA
КонецДокумента
СЕКЦИЯДОКУМЕНТ=Выписка
НомерДокумента=5
ДатаДокумента=22.01.2024
ВидДокумента=ПлатежноеПоручение
СуммаРасход=6556
ПолучательНаименование=РГУ "УГД по городу Усть-Каменогорск ДГД по Восточно-Казахстанской области КГД МФ РК"
ПолучательБИН_ИИН=991040001526
ПолучательИИК=KZ24070105KSN0000000
ПлательщикНаименование="Объединение собственников имущества многоквартирного жилого дома улица Лихарева, 7"
ПлательщикБИН_ИИН=220640014948
ПлательщикИИК=KZ72998LTB0001497589
ДатаОперации=22.01.2024
НазначениеПлатежа=Индивидуальный подоходный налог. Начисленные (исчисленные) и иные обязательства в бюджет. 2 договора ГПХ. Начисленные (исчисленные) и иные обязательства в бюджет. Период : 01.2024 - 01.2024.
ПлательщикБанкБИК=TSESKZKA
КонецДокумента
СЕКЦИЯДОКУМЕНТ=Выписка
НомерДокумента=35751850
ДатаДокумента=22.01.2024
ВидДокумента=ПлатежноеПоручение
СуммаПриход=3224.3
ПолучательНаименование="Объединение собственников имущества многоквартирного жилого дома улица Лихарева, 7"
ПолучательБИН_ИИН=220640014948
ПолучательИИК=KZ72998LTB0001497589
ПлательщикНаименование=АО "KASPI BANK"
ПлательщикБИН_ИИН=971240001315
ПлательщикИИК=KZ32722S000030354834
ДатаОперации=22.01.2024
НазначениеПлатежа=Принятые платежи за Взнос на содержание общего имущества #DT_2 024-01-19 #GP_1
ПлательщикБанкБИК=TSESKZKA
КонецДокумента
СЕКЦИЯДОКУМЕНТ=Выписка
НомерДокумента=37689950
ДатаДокумента=22.01.2024
ВидДокумента=ПлатежноеПоручение
СуммаПриход=3235.26
ПолучательНаименование="Объединение собственников имущества многоквартирного жилого дома улица Лихарева, 7"
ПолучательБИН_ИИН=220640014948
ПолучательИИК=KZ72998LTB0001497589
ПлательщикНаименование=АО "KASPI BANK"
ПлательщикБИН_ИИН=971240001315
ПлательщикИИК=KZ32722S000030354834
ДатаОперации=22.01.2024
НазначениеПлатежа=Принятые платежи за Взнос на содержание общего имущества #DT_2 024-01-20 #GP_1
ПлательщикБанкБИК=TSESKZKA
КонецДокумента
СЕКЦИЯДОКУМЕНТ=Выписка
НомерДокумента=41594399
ДатаДокумента=23.01.2024
ВидДокумента=ПлатежноеПоручение
СуммаПриход=6229.25
ПолучательНаименование="Объединение собственников имущества многоквартирного жилого дома улица Лихарева, 7"
ПолучательБИН_ИИН=220640014948
ПолучательИИК=KZ72998LTB0001497589
ПлательщикНаименование=АО "KASPI BANK"
ПлательщикБИН_ИИН=971240001315
ПлательщикИИК=KZ32722S000030354834
ДатаОперации=23.01.2024
НазначениеПлатежа=Принятые платежи за Взнос на содержание общего имущества #DT_2 024-01-22 #GP_1
ПлательщикБанкБИК=TSESKZKA
КонецДокумента
СЕКЦИЯДОКУМЕНТ=Выписка
НомерДокумента=43789244
ДатаДокумента=24.01.2024
ВидДокумента=ПлатежноеПоручение
СуммаПриход=25513.24
ПолучательНаименование="Объединение собственников имущества многоквартирного жилого дома улица Лихарева, 7"
ПолучательБИН_ИИН=220640014948
ПолучательИИК=KZ72998LTB0001497589
ПлательщикНаименование=АО "KASPI BANK"
ПлательщикБИН_ИИН=971240001315
ПлательщикИИК=KZ32722S000030354834
ДатаОперации=24.01.2024
НазначениеПлатежа=Принятые платежи за Взнос на содержание общего имущества #DT_2 024-01-23 #GP_1
ПлательщикБанкБИК=TSESKZKA
КонецДокумента
СЕКЦИЯДОКУМЕНТ=Выписка
НомерДокумента=46093501
ДатаДокумента=25.01.2024
ВидДокумента=ПлатежноеПоручение
СуммаПриход=6218.29
ПолучательНаименование="Объединение собственников имущества многоквартирного жилого дома улица Лихарева, 7"
ПолучательБИН_ИИН=220640014948
ПолучательИИК=KZ72998LTB0001497589
ПлательщикНаименование=АО "KASPI BANK"
ПлательщикБИН_ИИН=971240001315
ПлательщикИИК=KZ32722S000030354834
ДатаОперации=25.01.2024
НазначениеПлатежа=Принятые платежи за Взнос на содержание общего имущества #DT_2 024-01-24 #GP_1
ПлательщикБанкБИК=TSESKZKA
КонецДокумента
СЕКЦИЯДОКУМЕНТ=Выписка
НомерДокумента=48396348
ДатаДокумента=26.01.2024
ВидДокумента=ПлатежноеПоручение
СуммаПриход=27417.5
ПолучательНаименование="Объединение собственников имущества многоквартирного жилого дома улица Лихарева, 7"
ПолучательБИН_ИИН=220640014948
ПолучательИИК=KZ72998LTB0001497589
ПлательщикНаименование=АО "KASPI BANK"
ПлательщикБИН_ИИН=971240001315
ПлательщикИИК=KZ32722S000030354834
ДатаОперации=26.01.2024
НазначениеПлатежа=Принятые платежи за Взнос на содержание общего имущества #DT_2 024-01-25 #GP_1
ПлательщикБанкБИК=TSESKZKA
КонецДокумента
СЕКЦИЯДОКУМЕНТ=Выписка
НомерДокумента=52606600
ДатаДокумента=29.01.2024
ВидДокумента=ПлатежноеПоручение
СуммаПриход=9537.3
ПолучательНаименование="Объединение собственников имущества многоквартирного жилого дома улица Лихарева, 7"
ПолучательБИН_ИИН=220640014948
ПолучательИИК=KZ72998LTB0001497589
ПлательщикНаименование=АО "KASPI BANK"
ПлательщикБИН_ИИН=971240001315
ПлательщикИИК=KZ32722S000030354834
ДатаОперации=29.01.2024
НазначениеПлатежа=Принятые платежи за Взнос на содержание общего имущества #DT_2 024-01-27 #GP_1
ПлательщикБанкБИК=TSESKZKA
КонецДокумента
СЕКЦИЯДОКУМЕНТ=Выписка
НомерДокумента=54361122
ДатаДокумента=29.01.2024
ВидДокумента=ПлатежноеПоручение
СуммаПриход=9527.33
ПолучательНаименование="Объединение собственников имущества многоквартирного жилого дома улица Лихарева, 7"
ПолучательБИН_ИИН=220640014948
ПолучательИИК=KZ72998LTB0001497589
ПлательщикНаименование=АО "KASPI BANK"
ПлательщикБИН_ИИН=971240001315
ПлательщикИИК=KZ32722S000030354834
ДатаОперации=29.01.2024
НазначениеПлатежа=Принятые платежи за Взнос на содержание общего имущества #DT_2 024-01-28 #GP_1
ПлательщикБанкБИК=TSESKZKA
КонецДокумента
СЕКЦИЯДОКУМЕНТ=Выписка
НомерДокумента=50652952
ДатаДокумента=29.01.2024
ВидДокумента=ПлатежноеПоручение
СуммаПриход=42373.48
ПолучательНаименование="Объединение собственников имущества многоквартирного жилого дома улица Лихарева, 7"
ПолучательБИН_ИИН=220640014948
ПолучательИИК=KZ72998LTB0001497589
ПлательщикНаименование=АО "KASPI BANK"
ПлательщикБИН_ИИН=971240001315
ПлательщикИИК=KZ32722S000030354834
ДатаОперации=29.01.2024
НазначениеПлатежа=Принятые платежи за Взнос на содержание общего имущества #DT_2 024-01-26 #GP_1
ПлательщикБанкБИК=TSESKZKA
КонецДокумента
СЕКЦИЯДОКУМЕНТ=Выписка
НомерДокумента=56493021
ДатаДокумента=30.01.2024
ВидДокумента=ПлатежноеПоручение
СуммаПриход=12270.08
ПолучательНаименование="Объединение собственников имущества многоквартирного жилого дома улица Лихарева, 7"
ПолучательБИН_ИИН=220640014948
ПолучательИИК=KZ72998LTB0001497589
ПлательщикНаименование=АО "KASPI BANK"
ПлательщикБИН_ИИН=971240001315
ПлательщикИИК=KZ32722S000030354834
ДатаОперации=30.01.2024
НазначениеПлатежа=Принятые платежи за Взнос на содержание общего имущества #DT_2 024-01-29 #GP_1
ПлательщикБанкБИК=TSESKZKA
КонецДокумента
СЕКЦИЯДОКУМЕНТ=Выписка
НомерДокумента=58983065
ДатаДокумента=31.01.2024
ВидДокумента=ПлатежноеПоручение
СуммаПриход=6155.48
ПолучательНаименование="Объединение собственников имущества многоквартирного жилого дома улица Лихарева, 7"
ПолучательБИН_ИИН=220640014948
ПолучательИИК=KZ72998LTB0001497589
ПлательщикНаименование=АО "KASPI BANK"
ПлательщикБИН_ИИН=971240001315
ПлательщикИИК=KZ32722S000030354834
ДатаОперации=31.01.2024
НазначениеПлатежа=Принятые платежи за Взнос на содержание общего имущества #DT_2 024-01-30 #GP_1
ПлательщикБанкБИК=TSESKZKA
КонецДокумента
КОНЕЦФАЙЛА